1715 2968
324 248 353 284 2
364 228 432 285 58
623 231 874 286 Insecta.
920 228 1308 285 Pterodicera.

369 337 624 372 OBSERVATIO'.
651 336 865 383 Xiphydriae
891 336 1076 381 cephique
1096 338 1254 382 corporis
1273 338 1389 372 forma
1404 364 1414 381 ‚
1437 338 1610 373 oviductu

323 408 464 434 exserto
478 428 486 443 ‚
513 403 697 446 elongato,
718 414 800 434 cum
820 401 1121 434 Tenthredinetis
1143 407 1178 434 et
1197 400 1404 435 Uroceratis
1426 403 1612 447 ambigen-

322 471 375 498 tes
388 490 398 508 ,
425 466 468 499 ad
493 466 671 499 familiam
691 464 940 498 secundariam
959 465 1127 499 accedere
1150 466 1340 500 videntur.

588 600 923 640 FAMILIA
976 600 1343 640 SECUNDA.

491 712 910 744 UROCERATA
966 697 1442 746 UnocssRATE&

368 827 694 861 Onsnnvmromss
714 829 899 863 Antennoe
919 828 1105 862 filiformes
1123 834 1185 861 aut
1203 834 1345 861 seiaceae
1357 854 1366 871 ,
1384 828 1529 861 thorace
1552 838 1617 861 nec

321 892 440 925 multo
456 893 639 925 breviores
657 905 722 925 nec
740 893 857 926 multo
876 893 1057 937 longiores
1071 918 1080 935 ‚
1106 892 1271 925 articulis
1300 892 1423 924 decem
1454 897 1488 925 et
1516 893 1613 925 ultra

324 968 439 999 usque
461 957 504 988 ad
523 957 688 1001 quinque
705 963 740 990 et
753 957 885 1001 viginti
905 971 913 999 3
939 957 1057 1001 primo
1081 956 1250 989 crassiore
1266 980 1275 997 ‚
1298 956 1423 999 saepius
1440 956 1620 988 subobco-

322 1021 408 1054 nico
426 1036 434 1063 3
457 1021 614 1054 secundo
640 1022 876 1064 brevissim03
894 1022 975 1054 aliis
1000 1020 1439 1066 compresso—cylindricis.
1461 1020 1618 1053 Labrum

322 1085 522 1120 minimum
537 1112 546 1128 ,
564 1087 748 1132 integrum
764 1113 773 1130 ,
795 1088 958 1132 margine
979 1088 1099 1120 antico
1125 1087 1247 1119 ciliato
1273 1092 1336 1118 aut
1362 1086 1485 1129 piloso,
1507 1087 1618 1118 Blan-

320 1149 458 1182 dibuloe
486 1162 621 1183 corneae
640 1177 648 1192 ,
678 1158 823 1184 exsertae
847 1178 856 1194 ‚
883 1153 1008 1184 breves
1032 1177 1042 1193 ‚
1078 1162 1208 1183 crassae.
1238 1149 1355 1194 Palpt
1384 1149 1615 1190 maxillares,

321 1213 535 1255 filiformes,
565 1215 728 1247 articulis
761 1216 901 1248 duobus
925 1222 985 1248 aut
1011 1215 1176 1259 quinque
1203 1229 1211 1256 3
1241 1214 1388 1247 labiales
1411 1219 1616 1246 extrorsum

319 1278 507 1308 crassiores
521 1284 583 1309 aut
596 1278 742 1320 capitati
756 1303 764 1318 ‚
782 1274 946 1310 articulis
967 1279 1092 1310 [ribus.
1117 1277 1292 1310 Maxillce
1314 1276 1448 1309 lacinia
1474 1276 1616 1307 interna

319 1340 433 1372 nulla.
450 1340 605 1372 Labium
622 1341 813 1383 inlegrum.
835 1341 967 1384 Corpus
981 1341 1206 1382 elongatum,
1222 1339 1480 1381 cylindricum.
1498 1339 1616 1383 Caput

319 1401 698 1447 subsemiglobosum‚
730 1403 900 1435 verticale
926 1428 934 1443 ‚
969 1403 1060 1434 collo
1095 1414 1204 1446 parvo
1240 1401 1376 1434 thoraci
1409 1412 1615 1443 annexum3

321 1465 437 1497 oculis
456 1466 686 1506 lateralibus,
704 1466 884 1506 ovalibus,
900 1466 1051 1508 integris
1065 1481 1073 1507 3
1088 1465 1210 1497 ocellis
1227 1464 1342 1496 tribus
1358 1463 1469 1496 fronti
1482 1470 1616 1507 superae

321 1529 468 1561 insertis
484 1554 495 1568 ‚
522 1529 565 1560 in·
587 1529 813 1572 triangulum
843 1529 1034 1571 dispositis.
1060 1528 1204 1560 Thorax
1230 1526 1476 1569 abdomenque
1506 1531 1547 1558 ut
1577 1527 1616 1559 in

320 1587 460 1627 familia
487 1594 714 1626 antecedenti
741 1599 777 1624 el.
804 1603 967 1624 connexa
991 1599 1026 1625 et
1055 1592 1128 1624 fere
1155 1591 1377 1623 conformata
1403 1606 1412 1633 3
1437 1591 1617 1624 abdomen

320 1657 579 1701 cylindricum.
595 1656 683 1690 Aloe
696 1656 968 1688 horizontaliter
982 1655 1085 1688 dorso
1100 1656 1353 1688 incumbentes
1366 1681 1376 1695 ,
1391 1666 1502 1688 anum
1520 1656 1618 1688 ultra

321 1732 396 1754 non
425 1721 617 1764 productae.
641 1720 755 1753 Pedes
776 1719 996 1761 mediocre53
1015 1719 1127 1751 antici
1150 1719 1214 1760 vels
1234 1719 1359 1762 postici
1383 1718 1421 1750 in
1447 1719 1617 1750 masculis

323 1791 358 1818 et
381 1784 528 1817 feminis
553 1784 659 1827 paulo
685 1783 819 1816 dix-ersi
837 1797 845 1824 3
866 1782 951 1815 tarsi
979 1782 1142 1814 articulis
1165 1782 1329 1825 quinque
1353 1796 1362 1823 ;
1392 1781 1509 1825 primo
1536 1781 1618 1813 lon-

324 1848 468 1893 gissimo
488 1862 496 1890 3
513 1847 645 1880 ultimo
669 1847 851 1890 unguibus
870 1846 1010 1878 duobus
1030 1846 1204 1886 arcualis,
1223 1845 1336 1877 acutis
1349 1871 1358 1888 ‚
1377 1845 1570 1878 instructo.

380 1922 527 1953 Insecta
559 1919 733 1962 sylvatica
759 1944 767 1959 ‚
802 1924 1004 1960 antennas,
1037 1917 1353 1952 Iclmeumonidum
1389 1928 1488 1951 more
1507 1943 1518 1957 ‚
1555 1917 1617 1950 vi-

326 1985 485 2018 brantia.

374 2051 500 2081 Larua
525 2047 736 2091 hylophaga.

377 2174 715 2214 CCCCXXXHI.
743 2174 902 2212 Gmms.
941 2173 1196 2212 Unocmws.
1229 2174 1404 2211 Uroebre.

388 2247 607 2291 Uroeems,
640 2245 832 2290 GEOFF.‚
863 2246 1096 2290 SCHAEFF.,
1124 2243 1279 2288 Onu,
1310 2244 1432 2281 LAM.
1461 2264 1512 2273 —-
1545 2243 1617 2281 Si-

328 2328 394 2352 rex
418 2343 429 2358 ,
478 2315 643 2359 Lama,
688 2328 749 2352 DE
793 2315 920 2352 GEER
940 2343 951 2358 ‚
994 2314 1107 2351 ΕΑΒ.
1125 2342 1136 2358 ,
1177 2314 1342 2351 JURIN.
1363 2342 1376 2358 ,
1422 2315 1568 2351 PANZ.
1600 2342 1614 2358 ,

327 2383 475 2420 KLUG.
497 2403 550 2410 --
568 2382 838 2428 ῙοΙιηειιηιοη,
862 2395 922 2420 DE
943 2381 1090 2425 GEER,
1121 2382 1326 2419 scopon.

383 2452 591 2491 Antennoe
617 2452 767 2501 fronti,
786 2453 894 2492 inter
916 2451 1072 2500 oculos,
1096 2452 1272 2499 insertae,
1297 2451 1463 2490 thorace
1476 2449 1617 2502 saepius

329 2519 453 2573 paulo
466 2519 692 2574 longiores,
707 2522 792 2560 illis
809 2530 970 2562 setaceae
985 2529 1025 2562 et
1050 2518 1235 2561 articulis
1261 2534 1284 2559 a
1306 2531 1354 2560 21
1383 2517 1433 2558 ad
1451 2520 1524 2567 25,
1551 2518 1615 2556 lzis
