1715 2968
167 150 305 207 ΟΜΖ.
322 153 373 207 Ι.
388 154 463 207 F.
476 152 739 208 XXXI
739 153 798 208 V
799 152 837 216 ἶ,
857 150 1274 226 Cerambycini.
1322 151 1391 207 55

104 257 306 302 quadruplo
322 259 467 291 brevior
484 285 493 301 ,
518 259 807 302 subcylindricus
827 265 888 291 aut
904 258 1195 290 suborbiculatus
1213 264 1248 290 et
1277 259 1395 291 antico

100 321 305 365 posticeque
322 327 522 354 transverse
545 328 733 354 truncatus
748 347 758 364 ‚
782 322 823 354 in
845 322 964 355 medio
988 322 1095 365 paulo
1124 320 1296 354 dilatatus
1317 346 1326 362 ,
1354 321 1392 354 in

98 385 227 417 multis
260 385 425 428 spinosus
460 386 518 418 vel
551 386 797 418 tuberculatus
813 411 822 428 ,
849 386 952 419 dorso
977 397 1064 429 saepe
1090 385 1273 428 inaequali.
1302 385 1391 418 Scu-

98 446 236 481 tellum.
270 446 462 493 Coleoptra
488 449 650 492 elongato
663 467 681 474 —
697 448 870 492 quadrata
886 474 895 490 ,
924 448 968 481 ad
986 448 1088 481 basin
1108 448 1214 492 paulo
1236 447 1365 480 latiora
1384 469 1393 484 ,

98 509 309 542 nullatenus
332 517 394 542 aut
421 511 483 543 vix
509 512 719 555 marginala.
751 511 839 545 Aloe
865 511 962 555 apice
993 512 1066 544 solo
1102 511 1245 555 plicam.
1271 510 1390 543 Pedes

97 573 289 617 compressi
308 588 317 616 3
339 573 535 606 femoribus
563 575 762 618 elongatis3
786 575 887 607 tibiis
916 575 1108 618 gracilibus
1125 599 1134 615 ,
1159 572 1364 606 inermibus
1378 597 1387 614 ,

97 635 308 668 nullatenus
342 644 404 669 aut
437 638 598 671 brexiter
630 639 673 671 ad
701 639 838 683 apicem
868 638 1051 670 calcaralis
1081 638 1140 670 vel
1167 637 1384 681 bispinosis;

93 705 269 732 Larsorum
293 701 458 734 articulis
478 702 593 734 tribus
619 702 747 746 primis
774 701 869 734 infra
891 701 1085 746 spongiosis
1105 715 1113 743 3
1134 701 1280 733 basilari
1298 701 1384 732 lon-

94 763 192 806 giore
214 789 223 804 ‚
260 765 553 807 subsemitereti‚
580 765 623 798 ad
653 765 790 809 apicem
824 765 1004 809 paulisper
1035 764 1163 797 latiore
1191 778 1199 806 3
1231 763 1387 796 secundo

93 828 352 872 subobtrigono
371 844 379 871 3
400 830 506 862 tertio
537 828 715 873 profunde
739 830 922 871 bilobato3
950 828 1081 861 ultimo
1109 827 1280 860 obconieo
1296 852 1305 869 ‚
1332 838 1396 858 va-

92 890 165 922 lide
186 891 476 935 biunguiculato.

137 972 222 1004 Oris
233 978 416 1005 siruotura
434 985 563 1017 genera
582 981 738 1017 quatuor
752 980 895 1006 tantum
915 974 954 1005 in
979 973 1044 1005 hac
1061 972 1200 1004 familia
1214 971 1387 1004 declarat:

91 1035 204 1068 lamia
217 1061 225 1077 ‚
245 1036 434 1080 cerambyx
450 1058 460 1074 .
480 1036 664 1081 necyclalis
676 1060 685 1077 ‚
706 1036 856 1081 leptura.
878 1037 999 1068 Primo
1013 1036 1176 1080 saperdoe
1188 1060 1197 1076 ‚
1209 1047 1352 1081 gnomoe
1369 1049 1382 1075 ,-

88 1098 244 1130 secundo
273 1101 473 1140 stenocon',
499 1099 590 1144 olyti
607 1125 616 1141 ‚
647 1098 801 1132 callidia
817 1111 832 1136 ‚⁰
865 1104 994 1140 quarto
1024 1099 1155 1140 rlzagia
1172 1122 1181 1139 ‚
1204 1096 1353 1141 leptztroe
1377 1122 1386 1138 ,

88 1161 324 1205 adjungenda.
351 1163 579 1195 Characteres
606 1164 676 1195 huc
702 1174 814 1205 usque
836 1162 1004 1204 assignati
1032 1168 1094 1193 aut
1122 1161 1203 1193 falsi
1231 1167 1294 1193 aut
1321 1160 1382 1192 vix

89 1224 313 1268 percipiendi
338 1231 373 1257 et
399 1224 747 1257 hallucinationibus
775 1234 897 1255 ansam
920 1223 1033 1254 nimis
1058 1223 1265 1266 praebentes.

138 1348 313 1388 CCCXI.
343 1350 502 1389 Gmus.
534 1352 713 1388 LAMIA.
744 1352 901 1388 Lamie.

137 1438 323 1483 Lamia,
372 1437 598 1489 Cerambyx
618 1467 630 1483 ,
672 1438 812 1475 ῙΛΝΝ.
832 1467 840 1479 ,
874 1438 1044 1475 GEOFF.
1067 1468 1080 1483 ,
1123 1452 1184 1476 DE
1229 1439 1380 1484 GEER,

84 1509 216 1556 FAB„
257 1507 410 1553 Θυῖα,
443 1509 564 1545 LAM.
595 1529 648 1536 —
679 1509 929 1559 Mam-opus,
968 1511 1151 1546 Tuam.
1180 1530 1232 1536 —-
1267 1509 1382 1557 Lep-

82 1582 197 1619 tara,
236 1574 403 1612 Geel-F.
432 1597 486 1602 -——
525 1575 735 1626 Saperda,
780 1577 923 1624 Em„
973 1575 1131 1620 OLIV„
1168 1577 1291 1614 [ΛΑΜ.
1326 1596 1379 1606 -

82 1645 263 1681 Prionus
281 1672 294 1688 ‚
336 1643 552 1681 OLlVlER.

135 1731 344 1769 Antennoe
375 1730 418 1767 in
455 1728 670 1768 oculorum
707 1730 799 1768 sinu
836 1731 1002 1768 interno
1037 1729 1159 1782 piane
1194 1731 1377 1781 insertae3

82 1799 215 1840 oculis
232 1799 398 1839 illarum
427 1799 736 1852 basin'penitus
757 1801 839 1839 fere
864 1801 1042 1852 (amice,
1066 1800 1321 1839 extrinsecus
1337 1809 1376 1839 et

80 1869 269 1924 postice)
308 1870 509 1923 cingente.
542 1872 677 1922 Palpi
711 1869 887 1909 articulo
927 1871 1076 1909 ultimo
1118 1871 1378 1923 cylindrico-

78 1939 187 1980 ovali
215 1949 284 1980 aut
313 1939 440 1987 ovali,
459 1940 509 1979 ad
536 1940 653 1980 basin
678 1950 717 1979 et
746 1942 903 1994 apicem
933 1941 1161 1996 graciliore.
1179 1944 1377 1981 Maxillae

76 2024 268 2064 processu
297 2019 464 2049 externo
492 2011 655 2049 interno
685 2010 754 2049 vix
784 2011 936 2063 majore
961 2020 1030 2050 aut
1060 2012 1144 2050 fere
1182 2013 1342 2051 minore
1363 2043 1373 2061 ‚

78 2082 221 2134 saepius
259 2080 485 2120 subfalcato
532 2081 688 2135 (dorso
726 2089 957 2120 extrorsum
998 2090 1199 2131 arcuato3
1251 2081 1376 2122 latere

78 2152 240 2191 interno
268 2166 473 2202 concavo3
502 2151 616 2204 apice
641 2151 802 2202 acuto).
827 2153 1007 2189 Labium
1037 2151 1299 2204 elongatum,
1329 2152 1372 2190 in

76 2221 213 2262 medio
239 2221 357 2262 valde
376 2231 628 2262 coarctatum
654 2231 693 2261 et
726 2222 780 2260 ita
808 2222 852 2260 in
881 2222 980 2260 duas
999 2231 1133 2275 partos
1158 2222 1274 2275 quasi
1309 2222 1370 2260 di-

73 2293 231 2344 visum3
259 2293 391 2333 infera
411 2292 604 2346 sfipstali,
632 2292 843 2347 elongata,
866 2308 886 2330 a
913 2293 1000 2331 basi
1032 2292 1081 2331 ad
1110 2291 1372 2345 strangulum

75 2364 226 2403 sensim
261 2364 521 2417 angustiore,
557 2364 713 2404 annulo
752 2365 967 2414 coriaceo,
1006 2373 1256 2409 transverso,
1293 2377 1372 2400 no-

79 2442 192 2483 tata3
234 2442 348 2486 parte
388 2449 530 2488 supera
570 2434 761 2481 cordata,
798 2434 996 2488 marginis
1032 2432 1202 2487 apicalis
1235 2431 1372 2471 medio
