<?xml version="1.0" encoding="UTF-8"?>
<!DOCTYPE html PUBLIC "-//W3C//DTD XHTML 1.0 Transitional//EN"
    "http://www.w3.org/TR/xhtml1/DTD/xhtml1-transitional.dtd">
<html xmlns="http://www.w3.org/1999/xhtml" xml:lang="en" lang="en">
 <head>
  <title>
</title>
<meta http-equiv="Content-Type" content="text/html;charset=utf-8" />
  <meta name='ocr-system' content='tesseract 3.04.00' />
  <meta name='ocr-capabilities' content='ocr_page ocr_carea ocr_par ocr_line ocrx_word'/>
</head>
<body>
  <div class='ocr_page' id='page_1' title='image "./generacrustaceor03latr_0135.png"; bbox 0 0 1715 2968; ppageno 0'>
   <div class='ocr_carea' id='block_1_1' title="bbox 163 223 1315 302">
    <p class='ocr_par' dir='ltr' id='par_1_1' title="bbox 163 223 1315 302">
     <span class='ocr_line' id='line_1_1' title="bbox 163 223 1315 302; baseline -0.003 -17"><span class='ocrx_word' id='word_1_1' title='bbox 163 228 301 285; x_wconf 78' lang='lat' dir='ltr'><strong><em>Ord.</em></strong></span> <span class='ocrx_word' id='word_1_2' title='bbox 315 228 445 285; x_wconf 88' lang='lat' dir='ltr'><em>III.</em></span> <span class='ocrx_word' id='word_1_3' title='bbox 473 227 650 282; x_wconf 83' lang='lat' dir='ltr'><em>Fam.</em></span> <span class='ocrx_word' id='word_1_4' title='bbox 670 223 792 289; x_wconf 63' lang='lat' dir='ltr'><em>II„</em></span> <span class='ocrx_word' id='word_1_5' title='bbox 831 224 1153 282; x_wconf 80' lang='lat' dir='ltr'><em>Cimioicles.</em></span> <span class='ocrx_word' id='word_1_6' title='bbox 1215 249 1315 302; x_wconf 81' lang='lat'><em>127</em></span> 
     </span>
    </p>
   </div>
   <div class='ocr_carea' id='block_1_2' title="bbox 20 332 1327 870">
    <p class='ocr_par' dir='ltr' id='par_1_2' title="bbox 20 332 1327 870">
     <span class='ocr_line' id='line_1_2' title="bbox 29 332 1323 383; baseline 0.001 -12"><span class='ocrx_word' id='word_1_7' title='bbox 29 334 132 372; x_wconf 78' lang='lat' dir='ltr'><em>culis</em></span> <span class='ocrx_word' id='word_1_8' title='bbox 161 334 316 381; x_wconf 81' lang='lat' dir='ltr'><em>tribus;</em></span> <span class='ocrx_word' id='word_1_9' title='bbox 343 347 484 383; x_wconf 77' lang='lat' dir='ltr'><em>corpus</em></span> <span class='ocrx_word' id='word_1_10' title='bbox 522 334 848 370; x_wconf 73' lang='lat' dir='ltr'><em>conica-ovatum</em></span> <span class='ocrx_word' id='word_1_11' title='bbox 866 359 879 375; x_wconf 89' lang='lat'><em>,</em></span> <span class='ocrx_word' id='word_1_12' title='bbox 923 332 1054 367; x_wconf 77' lang='lat' dir='ltr'><em>antice</em></span> <span class='ocrx_word' id='word_1_13' title='bbox 1088 341 1323 383; x_wconf 80' lang='lat' dir='ltr'><em>angustato-</em></span> 
     </span>
     <span class='ocr_line' id='line_1_3' title="bbox 28 400 1323 456; baseline -0.002 -13"><span class='ocrx_word' id='word_1_14' title='bbox 28 413 282 442; x_wconf 77' lang='lat' dir='ltr'><em>attenuatum</em></span> <span class='ocrx_word' id='word_1_15' title='bbox 298 419 316 450; x_wconf 89' lang='grc'><em>,·</em></span> <span class='ocrx_word' id='word_1_16' title='bbox 361 404 521 441; x_wconf 75' lang='lat' dir='ltr'><em>thorace</em></span> <span class='ocrx_word' id='word_1_17' title='bbox 555 402 766 439; x_wconf 81' lang='lat' dir='ltr'><em>subconieo</em></span> <span class='ocrx_word' id='word_1_18' title='bbox 801 401 867 439; x_wconf 78' lang='lat' dir='ltr'><em>vel</em></span> <span class='ocrx_word' id='word_1_19' title='bbox 896 400 1153 453; x_wconf 79' lang='lat' dir='ltr'><em>subtrigono‚</em></span> <span class='ocrx_word' id='word_1_20' title='bbox 1183 416 1202 438; x_wconf 85' lang='lat' dir='ltr'><em>e</em></span> <span class='ocrx_word' id='word_1_21' title='bbox 1230 418 1323 456; x_wconf 80' lang='lat' dir='ltr'><em>seg-</em></span> 
     </span>
     <span class='ocr_line' id='line_1_4' title="bbox 28 472 1325 525; baseline -0.001 -13"><span class='ocrx_word' id='word_1_22' title='bbox 28 478 171 513; x_wconf 81' lang='lat' dir='ltr'><em>mentis</em></span> <span class='ocrx_word' id='word_1_23' title='bbox 210 474 365 512; x_wconf 82' lang='lat' dir='ltr'><em>duobus</em></span> <span class='ocrx_word' id='word_1_24' title='bbox 398 475 523 512; x_wconf 75' lang='lat' dir='ltr'><em>veluti</em></span> <span class='ocrx_word' id='word_1_25' title='bbox 541 474 725 525; x_wconf 78' lang='lat' dir='ltr'><em>formato</em></span> <span class='ocrx_word' id='word_1_26' title='bbox 742 489 759 519; x_wconf 86' lang='lat'><em>;</em></span> <span class='ocrx_word' id='word_1_27' title='bbox 789 472 915 524; x_wconf 76' lang='lat' dir='ltr'><em>pedes</em></span> <span class='ocrx_word' id='word_1_28' title='bbox 949 474 1079 523; x_wconf 65' lang='lat' dir='ltr'><em>primi</em></span> <span class='ocrx_word' id='word_1_29' title='bbox 1099 502 1112 518; x_wconf 86' lang='lat'><em>,</em></span> <span class='ocrx_word' id='word_1_30' title='bbox 1156 476 1325 512; x_wconf 77' lang='lat' dir='ltr'><em>secundi</em></span> 
     </span>
     <span class='ocr_line' id='line_1_5' title="bbox 28 541 1324 594; baseline -0.002 -13"><span class='ocrx_word' id='word_1_31' title='bbox 28 546 152 581; x_wconf 73' lang='lat' dir='ltr'><em>eciam</em></span> <span class='ocrx_word' id='word_1_32' title='bbox 178 545 222 580; x_wconf 88' lang='lat' dir='ltr'><em>in</em></span> <span class='ocrx_word' id='word_1_33' title='bbox 247 544 456 581; x_wconf 80' lang='lat' dir='ltr'><em>nonnullis</em></span> <span class='ocrx_word' id='word_1_34' title='bbox 473 572 485 588; x_wconf 80' lang='grc'>,</span> <span class='ocrx_word' id='word_1_35' title='bbox 531 542 665 580; x_wconf 77' lang='lat' dir='ltr'><em>breves</em></span> <span class='ocrx_word' id='word_1_36' title='bbox 693 541 961 594; x_wconf 76' lang='lat' dir='ltr'><em>(quandoque</em></span> <span class='ocrx_word' id='word_1_37' title='bbox 997 544 1163 593; x_wconf 77' lang='lat' dir='ltr'><em>raptorii</em></span> <span class='ocrx_word' id='word_1_38' title='bbox 1186 544 1229 593; x_wconf 78' lang='lat'><em>),</em></span> <span class='ocrx_word' id='word_1_39' title='bbox 1248 543 1324 594; x_wconf 68' lang='lat' dir='ltr'><em>fl?-</em></span> 
     </span>
     <span class='ocr_line' id='line_1_6' title="bbox 27 600 1324 664; baseline 0.002 -14"><span class='ocrx_word' id='word_1_40' title='bbox 27 600 201 651; x_wconf 71' lang='lat' dir='ltr'><em>inoribus</em></span> <span class='ocrx_word' id='word_1_41' title='bbox 240 615 482 652; x_wconf 78' lang='lat' dir='ltr'><em>incrassatis</em></span> <span class='ocrx_word' id='word_1_42' title='bbox 497 628 515 660; x_wconf 87' lang='lat'><em>;</em></span> <span class='ocrx_word' id='word_1_43' title='bbox 550 613 765 650; x_wconf 73' lang='lat' dir='ltr'><em>multorum</em></span> <span class='ocrx_word' id='word_1_44' title='bbox 805 613 917 650; x_wconf 77' lang='lat' dir='ltr'><em>tibiis</em></span> <span class='ocrx_word' id='word_1_45' title='bbox 948 621 1123 664; x_wconf 80' lang='lat' dir='ltr'><em>quatuor</em></span> <span class='ocrx_word' id='word_1_46' title='bbox 1147 615 1291 652; x_wconf 65' lang='lat' dir='ltr'><em>(inticis</em></span> <span class='ocrx_word' id='word_1_47' title='bbox 1309 644 1324 659; x_wconf 85' lang='lat'><em>,</em></span> 
     </span>
     <span class='ocr_line' id='line_1_7' title="bbox 20 681 1325 734; baseline 0.001 -16"><span class='ocrx_word' id='word_1_48' title='bbox 20 683 172 733; x_wconf 83' lang='lat' dir='ltr'><em>primis</em></span> <span class='ocrx_word' id='word_1_49' title='bbox 199 682 365 727; x_wconf 78' lang='lat' dir='ltr'><em>saltem,</em></span> <span class='ocrx_word' id='word_1_50' title='bbox 395 682 510 733; x_wconf 81' lang='lat' dir='ltr'><em>apice</em></span> <span class='ocrx_word' id='word_1_51' title='bbox 538 681 663 734; x_wconf 84' lang='lat' dir='ltr'><em>infero</em></span> <span class='ocrx_word' id='word_1_52' title='bbox 679 682 915 733; x_wconf 78' lang='lat' dir='ltr'><em>spongioso,</em></span> <span class='ocrx_word' id='word_1_53' title='bbox 948 688 1184 727; x_wconf 82' lang='lat' dir='ltr'><em>tomentoso,</em></span> <span class='ocrx_word' id='word_1_54' title='bbox 1210 696 1325 719; x_wconf 78' lang='lat' dir='ltr'><em>exea-</em></span> 
     </span>
     <span class='ocr_line' id='line_1_8' title="bbox 26 749 1327 802; baseline 0.001 -15"><span class='ocrx_word' id='word_1_55' title='bbox 26 758 138 796; x_wconf 81' lang='lat' dir='ltr'><em>vato,</em></span> <span class='ocrx_word' id='word_1_56' title='bbox 169 751 211 787; x_wconf 87' lang='lat' dir='ltr'><em>in</em></span> <span class='ocrx_word' id='word_1_57' title='bbox 235 749 372 788; x_wconf 80' lang='lat' dir='ltr'><em>lobum</em></span> <span class='ocrx_word' id='word_1_58' title='bbox 396 749 663 787; x_wconf 77' lang='lat' dir='ltr'><em>rotundatum</em></span> <span class='ocrx_word' id='word_1_59' title='bbox 680 749 754 786; x_wconf 81' lang='lat' dir='ltr'><em>sub</em></span> <span class='ocrx_word' id='word_1_60' title='bbox 784 757 983 786; x_wconf 80' lang='lat' dir='ltr'><em>tarsorum</em></span> <span class='ocrx_word' id='word_1_61' title='bbox 999 751 1151 802; x_wconf 78' lang='lat' dir='ltr'><em>origine</em></span> <span class='ocrx_word' id='word_1_62' title='bbox 1174 753 1327 801; x_wconf 71' lang='lat' dir='ltr'><em>saepius</em></span> 
     </span>
     <span class='ocr_line' id='line_1_9' title="bbox 21 820 230 870; baseline 0 -13"><span class='ocrx_word' id='word_1_63' title='bbox 21 820 230 870; x_wconf 72' lang='lat' dir='ltr'><em>producto.</em></span> 
     </span>
    </p>
   </div>
   <div class='ocr_carea' id='block_1_3' title="bbox 72 925 1206 969">
    <p class='ocr_par' dir='ltr' id='par_1_3' title="bbox 72 925 1206 969">
     <span class='ocr_line' id='line_1_10' title="bbox 72 925 1206 969; baseline 0 -12"><span class='ocrx_word' id='word_1_64' title='bbox 72 925 210 958; x_wconf 75' lang='lat' dir='ltr'><em>Insecta</em></span> <span class='ocrx_word' id='word_1_65' title='bbox 235 937 343 969; x_wconf 87' lang='lat' dir='ltr'>supra</span> <span class='ocrx_word' id='word_1_66' title='bbox 367 936 476 969; x_wconf 82' lang='lat' dir='ltr'>aquas</span> <span class='ocrx_word' id='word_1_67' title='bbox 499 926 557 958; x_wconf 67' lang='lat' dir='ltr'><em>vel</em></span> <span class='ocrx_word' id='word_1_68' title='bbox 584 926 624 958; x_wconf 84' lang='lat' dir='ltr'><em>in</em></span> <span class='ocrx_word' id='word_1_69' title='bbox 655 925 808 958; x_wconf 75' lang='lat' dir='ltr'>illarum</span> <span class='ocrx_word' id='word_1_70' title='bbox 836 925 910 958; x_wconf 90' lang='lat' dir='ltr'><em>oris</em></span> <span class='ocrx_word' id='word_1_71' title='bbox 932 937 1005 957; x_wconf 87' lang='lat' dir='ltr'><em>non</em></span> <span class='ocrx_word' id='word_1_72' title='bbox 1030 926 1206 969; x_wconf 75' lang='lat' dir='ltr'><strong>vagantia.</strong></span> 
     </span>
    </p>
   </div>
   <div class='ocr_carea' id='block_1_4' title="bbox 29 1041 1328 1087">
    <p class='ocr_par' dir='ltr' id='par_1_4' title="bbox 29 1041 1328 1087">
     <span class='ocr_line' id='line_1_11' title="bbox 29 1041 1328 1087; baseline 0 -12"><span class='ocrx_word' id='word_1_73' title='bbox 29 1054 57 1075; x_wconf 70' lang='grc' dir='ltr'><em>ι.</em></span> <span class='ocrx_word' id='word_1_74' title='bbox 88 1045 221 1087; x_wconf 82' lang='lat' dir='ltr'><em>Corpus</em></span> <span class='ocrx_word' id='word_1_75' title='bbox 247 1042 562 1081; x_wconf 76' lang='lat' dir='ltr'><em>conica-ovatum,</em></span> <span class='ocrx_word' id='word_1_76' title='bbox 595 1054 667 1075; x_wconf 87' lang='lat' dir='ltr'><em>non</em></span> <span class='ocrx_word' id='word_1_77' title='bbox 695 1041 859 1082; x_wconf 83' lang='lat' dir='ltr'><em>lineare;</em></span> <span class='ocrx_word' id='word_1_78' title='bbox 887 1047 1126 1075; x_wconf 76' lang='lat' dir='ltr'><em>antennarum</em></span> <span class='ocrx_word' id='word_1_79' title='bbox 1152 1041 1328 1076; x_wconf 77' lang='lat' dir='ltr'><em>articulus</em></span> 
     </span>
    </p>
   </div>
   <div class='ocr_carea' id='block_1_5' title="bbox 66 1106 1339 1217">
    <p class='ocr_par' dir='ltr' id='par_1_5' title="bbox 66 1106 1339 1217">
     <span class='ocr_line' id='line_1_12' title="bbox 66 1106 1339 1154; baseline 0.002 -14"><span class='ocrx_word' id='word_1_80' title='bbox 66 1109 206 1153; x_wconf 77' lang='lat' dir='ltr'><em>primus</em></span> <span class='ocrx_word' id='word_1_81' title='bbox 231 1106 430 1152; x_wconf 83' lang='lat' dir='ltr'><em>(pedicello</em></span> <span class='ocrx_word' id='word_1_82' title='bbox 456 1107 609 1154; x_wconf 81' lang='lat' dir='ltr'><em>originis</em></span> <span class='ocrx_word' id='word_1_83' title='bbox 628 1119 701 1140; x_wconf 89' lang='lat' dir='ltr'><em>non</em></span> <span class='ocrx_word' id='word_1_84' title='bbox 718 1113 923 1152; x_wconf 77' lang='lat' dir='ltr'><em>computato</em></span> <span class='ocrx_word' id='word_1_85' title='bbox 939 1108 951 1153; x_wconf 91' lang='lat'>)</span> <span class='ocrx_word' id='word_1_86' title='bbox 976 1109 1095 1153; x_wconf 75' lang='lat' dir='ltr'><em>capite</em></span> <span class='ocrx_word' id='word_1_87' title='bbox 1112 1108 1339 1154; x_wconf 79' lang='lat' dir='ltr'><em>tlzoraceque·</em></span> 
     </span>
     <span class='ocr_line' id='line_1_13' title="bbox 73 1169 1325 1217; baseline 0.002 -14"><span class='ocrx_word' id='word_1_88' title='bbox 73 1171 277 1214; x_wconf 83' lang='lat' dir='ltr'><em>conjunctis</em></span> <span class='ocrx_word' id='word_1_89' title='bbox 304 1183 377 1203; x_wconf 87' lang='lat' dir='ltr'><em>non</em></span> <span class='ocrx_word' id='word_1_90' title='bbox 408 1170 576 1216; x_wconf 71' lang='lat' dir='ltr'><em>Iongior5</em></span> <span class='ocrx_word' id='word_1_91' title='bbox 607 1171 716 1214; x_wconf 78' lang='lat' dir='ltr'><em>pedes</em></span> <span class='ocrx_word' id='word_1_92' title='bbox 745 1171 845 1203; x_wconf 76' lang='lat' dir='ltr'><em>haud</em></span> <span class='ocrx_word' id='word_1_93' title='bbox 871 1169 1094 1217; x_wconf 79' lang='lat' dir='ltr'><em>longissimi,</em></span> <span class='ocrx_word' id='word_1_94' title='bbox 1125 1173 1222 1205; x_wconf 82' lang='lat' dir='ltr'><em>coxis</em></span> <span class='ocrx_word' id='word_1_95' title='bbox 1247 1185 1325 1205; x_wconf 88' lang='lat' dir='ltr'><em>om-</em></span> 
     </span>
    </p>
   </div>
   <div class='ocr_carea' id='block_1_6' title="bbox 76 1234 379 1267">
    <p class='ocr_par' dir='ltr' id='par_1_6' title="bbox 76 1234 379 1267">
     <span class='ocr_line' id='line_1_14' title="bbox 76 1234 379 1267; baseline -0.007 0"><span class='ocrx_word' id='word_1_96' title='bbox 76 1236 175 1267; x_wconf 81' lang='lat' dir='ltr'><em>nium</em></span> <span class='ocrx_word' id='word_1_97' title='bbox 204 1234 379 1267; x_wconf 79' lang='lat' dir='ltr'><em>brevibus.</em></span> 
     </span>
    </p>
   </div>
   <div class='ocr_carea' id='block_1_7' title="bbox 24 1344 1332 2158">
    <p class='ocr_par' dir='ltr' id='par_1_7' title="bbox 25 1344 1328 1530">
     <span class='ocr_line' id='line_1_15' title="bbox 77 1344 951 1385; baseline -0.001 -1"><span class='ocrx_word' id='word_1_98' title='bbox 77 1344 380 1384; x_wconf 87' lang='lat' dir='ltr'>CCCLXVIII.</span> <span class='ocrx_word' id='word_1_99' title='bbox 409 1345 567 1383; x_wconf 83' lang='lat' dir='ltr'><em>GENUs.</em></span> <span class='ocrx_word' id='word_1_100' title='bbox 597 1345 768 1383; x_wconf 77' lang='lat' dir='ltr'><em>NABIS.</em></span> <span class='ocrx_word' id='word_1_101' title='bbox 798 1347 951 1385; x_wconf 50' lang='lat' dir='ltr'><em>„Nabis</em></span> 
     </span>
     <span class='ocr_line' id='line_1_16' title="bbox 35 1415 1328 1468; baseline 0.006 -16"><span class='ocrx_word' id='word_1_102' title='bbox 35 1439 38 1442; x_wconf 63' lang='lat'><em>‹</em></span> <span class='ocrx_word' id='word_1_103' title='bbox 83 1415 244 1460; x_wconf 84' lang='lat' dir='ltr'><em>Cimex,</em></span> <span class='ocrx_word' id='word_1_104' title='bbox 285 1415 461 1459; x_wconf 72' lang='lat' dir='ltr'><strong><em>LINN.,</em></strong></span> <span class='ocrx_word' id='word_1_105' title='bbox 512 1428 577 1452; x_wconf 76' lang='lat' dir='ltr'><em>DE</em></span> <span class='ocrx_word' id='word_1_106' title='bbox 616 1415 760 1453; x_wconf 75' lang='lat' dir='ltr'><strong><em>GEER.</em></strong></span> <span class='ocrx_word' id='word_1_107' title='bbox 806 1438 860 1445; x_wconf 89' lang='lat'><em>-—</em></span> <span class='ocrx_word' id='word_1_108' title='bbox 901 1417 1141 1466; x_wconf 79' lang='lat' dir='ltr'><em>Reduvius,</em></span> <span class='ocrx_word' id='word_1_109' title='bbox 1176 1422 1328 1468; x_wconf 86' lang='lat' dir='ltr'><em>Miris,</em></span> 
     </span>
     <span class='ocr_line' id='line_1_17' title="bbox 25 1484 580 1530; baseline -0.002 -8"><span class='ocrx_word' id='word_1_110' title='bbox 25 1485 136 1522; x_wconf 75' lang='lat' dir='ltr'><em>FAB.</em></span> <span class='ocrx_word' id='word_1_111' title='bbox 153 1513 166 1530; x_wconf 85' lang='lat'><em>,</em></span> <span class='ocrx_word' id='word_1_112' title='bbox 196 1484 580 1522; x_wconf 78' lang='lat' dir='ltr'><em>SCHELLENBERG.</em></span> 
     </span>
    </p>

    <p class='ocr_par' dir='ltr' id='par_1_8' title="bbox 24 1550 1330 1816">
     <span class='ocr_line' id='line_1_18' title="bbox 76 1550 1328 1607; baseline 0.006 -18"><span class='ocrx_word' id='word_1_113' title='bbox 76 1553 284 1590; x_wconf 74' lang='lat' dir='ltr'><em>Antennoe</em></span> <span class='ocrx_word' id='word_1_114' title='bbox 310 1550 457 1604; x_wconf 83' lang='lat' dir='ltr'><em>capitis</em></span> <span class='ocrx_word' id='word_1_115' title='bbox 489 1550 618 1589; x_wconf 80' lang='lat' dir='ltr'>antici</span> <span class='ocrx_word' id='word_1_116' title='bbox 645 1550 846 1591; x_wconf 82' lang='lat' dir='ltr'><em>lateribus</em></span> <span class='ocrx_word' id='word_1_117' title='bbox 873 1554 1021 1594; x_wconf 88' lang='lat' dir='ltr'><em>mediis</em></span> <span class='ocrx_word' id='word_1_118' title='bbox 1054 1555 1120 1595; x_wconf 85' lang='lat' dir='ltr'><em>vel</em></span> <span class='ocrx_word' id='word_1_119' title='bbox 1151 1557 1299 1596; x_wconf 83' lang='lat' dir='ltr'><em>inferis</em></span> <span class='ocrx_word' id='word_1_120' title='bbox 1317 1589 1328 1607; x_wconf 83' lang='lat'><em>‚</em></span> 
     </span>
     <span class='ocr_line' id='line_1_19' title="bbox 24 1617 1329 1676; baseline 0.005 -18"><span class='ocrx_word' id='word_1_121' title='bbox 24 1634 112 1658; x_wconf 86' lang='lat' dir='ltr'><em>non</em></span> <span class='ocrx_word' id='word_1_122' title='bbox 145 1632 268 1671; x_wconf 83' lang='lat' dir='ltr'><em>supra</em></span> <span class='ocrx_word' id='word_1_123' title='bbox 285 1617 440 1656; x_wconf 85' lang='lat' dir='ltr'><em>lineam</em></span> <span class='ocrx_word' id='word_1_124' title='bbox 457 1617 510 1656; x_wconf 86' lang='lat' dir='ltr'><em>ab</em></span> <span class='ocrx_word' id='word_1_125' title='bbox 527 1617 659 1657; x_wconf 85' lang='lat' dir='ltr'><em>oculis</em></span> <span class='ocrx_word' id='word_1_126' title='bbox 685 1618 735 1656; x_wconf 83' lang='lat' dir='ltr'><em>ad</em></span> <span class='ocrx_word' id='word_1_127' title='bbox 762 1620 884 1660; x_wconf 85' lang='lat' dir='ltr'><em>rostri</em></span> <span class='ocrx_word' id='word_1_128' title='bbox 911 1622 1118 1676; x_wconf 81' lang='lat' dir='ltr'><em>originem</em></span> <span class='ocrx_word' id='word_1_129' title='bbox 1136 1625 1303 1665; x_wconf 81' lang='lat' dir='ltr'>ductam</span> <span class='ocrx_word' id='word_1_130' title='bbox 1317 1657 1329 1675; x_wconf 84' lang='lat'><em>‚</em></span> 
     </span>
     <span class='ocr_line' id='line_1_20' title="bbox 25 1685 1330 1741; baseline 0.005 -14"><span class='ocrx_word' id='word_1_131' title='bbox 25 1689 198 1727; x_wconf 83' lang='lat' dir='ltr'><em>insertae.</em></span> <span class='ocrx_word' id='word_1_132' title='bbox 239 1689 435 1725; x_wconf 82' lang='lat' dir='ltr'><em>Rostrum</em></span> <span class='ocrx_word' id='word_1_133' title='bbox 466 1685 644 1725; x_wconf 82' lang='lat' dir='ltr'><em>articulo</em></span> <span class='ocrx_word' id='word_1_134' title='bbox 682 1687 820 1739; x_wconf 86' lang='lat' dir='ltr'><em>primo</em></span> <span class='ocrx_word' id='word_1_135' title='bbox 853 1688 1019 1741; x_wconf 80' lang='lat' dir='ltr'><em>(baseos</em></span> <span class='ocrx_word' id='word_1_136' title='bbox 1045 1693 1223 1732; x_wconf 77' lang='lat' dir='ltr'><em>articulo</em></span> <span class='ocrx_word' id='word_1_137' title='bbox 1253 1710 1330 1734; x_wconf 83' lang='lat' dir='ltr'><em>an-</em></span> 
     </span>
     <span class='ocr_line' id='line_1_21' title="bbox 26 1757 1271 1816; baseline 0.005 -19"><span class='ocrx_word' id='word_1_138' title='bbox 26 1758 247 1798; x_wconf 83' lang='lat' dir='ltr'><em>nuliformi</em></span> <span class='ocrx_word' id='word_1_139' title='bbox 277 1772 360 1797; x_wconf 88' lang='lat' dir='ltr'><em>non</em></span> <span class='ocrx_word' id='word_1_140' title='bbox 390 1757 652 1810; x_wconf 82' lang='lat' dir='ltr'><em>computato)</em></span> <span class='ocrx_word' id='word_1_141' title='bbox 684 1758 853 1797; x_wconf 82' lang='lat' dir='ltr'><em>secundi</em></span> <span class='ocrx_word' id='word_1_142' title='bbox 882 1759 966 1798; x_wconf 82' lang='lat' dir='ltr'><em>fere</em></span> <span class='ocrx_word' id='word_1_143' title='bbox 992 1758 1271 1816; x_wconf 83' lang='lat' dir='ltr'><em>longitudine.</em></span> 
     </span>
    </p>

    <p class='ocr_par' dir='ltr' id='par_1_9' title="bbox 26 1826 1332 2158">
     <span class='ocr_line' id='line_1_22' title="bbox 85 1826 1331 1882; baseline 0.006 -16"><span class='ocrx_word' id='word_1_144' title='bbox 85 1829 241 1880; x_wconf 74' lang='lat' dir='ltr'><em>Capitis</em></span> <span class='ocrx_word' id='word_1_145' title='bbox 264 1841 358 1880; x_wconf 81' lang='lat' dir='ltr'><em>pars</em></span> <span class='ocrx_word' id='word_1_146' title='bbox 386 1826 544 1880; x_wconf 80' lang='lat' dir='ltr'><em>postica</em></span> <span class='ocrx_word' id='word_1_147' title='bbox 564 1826 614 1865; x_wconf 83' lang='lat' dir='ltr'><em>ab</em></span> <span class='ocrx_word' id='word_1_148' title='bbox 645 1827 781 1866; x_wconf 85' lang='lat' dir='ltr'><em>antica</em></span> <span class='ocrx_word' id='word_1_149' title='bbox 809 1827 1078 1882; x_wconf 85' lang='lat' dir='ltr'><em>impressione</em></span> <span class='ocrx_word' id='word_1_150' title='bbox 1104 1840 1331 1873; x_wconf 79' lang='lat' dir='ltr'><em>transversa</em></span> 
     </span>
     <span class='ocr_line' id='line_1_23' title="bbox 27 1896 1332 1950; baseline 0.005 -15"><span class='ocrx_word' id='word_1_151' title='bbox 27 1910 102 1936; x_wconf 87' lang='lat' dir='ltr'><em>nec</em></span> <span class='ocrx_word' id='word_1_152' title='bbox 131 1896 328 1936; x_wconf 78' lang='lat' dir='ltr'><em>distincta</em></span> <span class='ocrx_word' id='word_1_153' title='bbox 356 1910 432 1935; x_wconf 84' lang='lat' dir='ltr'><em>nee</em></span> <span class='ocrx_word' id='word_1_154' title='bbox 458 1897 503 1935; x_wconf 87' lang='lat' dir='ltr'><em>in</em></span> <span class='ocrx_word' id='word_1_155' title='bbox 530 1896 730 1950; x_wconf 80' lang='lat' dir='ltr'><em>segmenti</em></span> <span class='ocrx_word' id='word_1_156' title='bbox 756 1896 897 1936; x_wconf 85' lang='lat' dir='ltr'><em>lobive</em></span> <span class='ocrx_word' id='word_1_157' title='bbox 916 1899 1086 1938; x_wconf 83' lang='lat' dir='ltr'><em>modum</em></span> <span class='ocrx_word' id='word_1_158' title='bbox 1103 1902 1332 1942; x_wconf 83' lang='lat' dir='ltr'><em>eminenti-</em></span> 
     </span>
     <span class='ocr_line' id='line_1_24' title="bbox 26 1967 1330 2026; baseline 0.005 -20"><span class='ocrx_word' id='word_1_159' title='bbox 26 1967 240 2020; x_wconf 79' lang='lat' dir='ltr'><strong>producta.</strong></span> <span class='ocrx_word' id='word_1_160' title='bbox 272 1968 434 2006; x_wconf 76' lang='lat' dir='ltr'><em>Thorax</em></span> <span class='ocrx_word' id='word_1_161' title='bbox 460 1981 582 2020; x_wconf 81' lang='lat' dir='ltr'><em>supra</em></span> <span class='ocrx_word' id='word_1_162' title='bbox 606 1967 891 2021; x_wconf 86' lang='lat' dir='ltr'><em>planiusculus</em></span> <span class='ocrx_word' id='word_1_163' title='bbox 918 1978 989 2007; x_wconf 81' lang='lat' dir='ltr'><em>aut</em></span> <span class='ocrx_word' id='word_1_164' title='bbox 1017 1971 1205 2026; x_wconf 84' lang='lat' dir='ltr'><em>subaeque</em></span> <span class='ocrx_word' id='word_1_165' title='bbox 1228 1988 1330 2013; x_wconf 86' lang='lat' dir='ltr'><em>con—</em></span> 
     </span>
     <span class='ocr_line' id='line_1_25' title="bbox 29 2034 1329 2093; baseline 0.006 -20"><span class='ocrx_word' id='word_1_166' title='bbox 29 2034 319 2085; x_wconf 75' lang='lat' dir='ltr'><em>vexiusculus,</em></span> <span class='ocrx_word' id='word_1_167' title='bbox 357 2050 443 2074; x_wconf 90' lang='lat' dir='ltr'><em>non</em></span> <span class='ocrx_word' id='word_1_168' title='bbox 483 2035 677 2074; x_wconf 85' lang='lat' dir='ltr'><em>distincte</em></span> <span class='ocrx_word' id='word_1_169' title='bbox 713 2035 1121 2078; x_wconf 81' lang='lat' dir='ltr'><em>elevato-bilobatus.</em></span> <span class='ocrx_word' id='word_1_170' title='bbox 1162 2041 1329 2093; x_wconf 76' lang='lat' dir='ltr'><em>(Tibioe</em></span> 
     </span>
     <span class='ocr_line' id='line_1_26' title="bbox 28 2102 1027 2158; baseline 0.003 -16"><span class='ocrx_word' id='word_1_171' title='bbox 28 2105 173 2143; x_wconf 80' lang='lat' dir='ltr'><em>anticae</em></span> <span class='ocrx_word' id='word_1_172' title='bbox 201 2104 345 2157; x_wconf 79' lang='lat' dir='ltr'><em>saepius</em></span> <span class='ocrx_word' id='word_1_173' title='bbox 376 2102 487 2141; x_wconf 87' lang='lat' dir='ltr'><em>infra</em></span> <span class='ocrx_word' id='word_1_174' title='bbox 516 2103 699 2143; x_wconf 82' lang='lat' dir='ltr'><em>seriatim</em></span> <span class='ocrx_word' id='word_1_175' title='bbox 726 2103 1027 2158; x_wconf 80' lang='lat' dir='ltr'><em>denticulatae.)</em></span> 
     </span>
    </p>
   </div>
   <div class='ocr_carea' id='block_1_8' title="bbox 30 2227 1326 2285">
    <p class='ocr_par' dir='ltr' id='par_1_10' title="bbox 30 2227 1326 2285">
     <span class='ocr_line' id='line_1_27' title="bbox 30 2227 1326 2285; baseline 0.005 -21"><span class='ocrx_word' id='word_1_176' title='bbox 30 2228 68 2265; x_wconf 89' lang='lat' dir='ltr'><em>I.</em></span> <span class='ocrx_word' id='word_1_177' title='bbox 97 2227 230 2265; x_wconf 82' lang='lat' dir='ltr'><em>Pedes</em></span> <span class='ocrx_word' id='word_1_178' title='bbox 263 2229 392 2264; x_wconf 80' lang='lat' dir='ltr'><em>antici</em></span> <span class='ocrx_word' id='word_1_179' title='bbox 409 2227 640 2279; x_wconf 80' lang='lat' dir='ltr'><em>semoribus</em></span> <span class='ocrx_word' id='word_1_180' title='bbox 678 2229 862 2281; x_wconf 80' lang='lat' dir='ltr'><em>oblongis</em></span> <span class='ocrx_word' id='word_1_181' title='bbox 899 2229 1088 2282; x_wconf 83' lang='lat' dir='ltr'><em>tibiisque</em></span> <span class='ocrx_word' id='word_1_182' title='bbox 1115 2232 1326 2285; x_wconf 77' lang='lat' dir='ltr'><em>elongato-</em></span> 
     </span>
    </p>
   </div>
   <div class='ocr_carea' id='block_1_9' title="bbox 84 2298 1327 2418">
    <p class='ocr_par' dir='ltr' id='par_1_11' title="bbox 84 2298 1327 2418">
     <span class='ocr_line' id='line_1_28' title="bbox 84 2298 1327 2356; baseline 0.006 -20"><span class='ocrx_word' id='word_1_183' title='bbox 84 2298 343 2354; x_wconf 80' lang='lat' dir='ltr'><em>cylindricis,</em></span> <span class='ocrx_word' id='word_1_184' title='bbox 381 2301 607 2356; x_wconf 79' lang='lat' dir='ltr'><em>gracilibus</em></span> <span class='ocrx_word' id='word_1_185' title='bbox 627 2317 644 2348; x_wconf 80' lang='lat'><em>,·</em></span> <span class='ocrx_word' id='word_1_186' title='bbox 686 2309 855 2339; x_wconf 78' lang='lat' dir='ltr'><em>rostrum</em></span> <span class='ocrx_word' id='word_1_187' title='bbox 895 2301 955 2343; x_wconf 83' lang='lat' dir='ltr'><em>ad</em></span> <span class='ocrx_word' id='word_1_188' title='bbox 989 2302 1117 2353; x_wconf 77' lang='lat' dir='ltr'><em>pedes</em></span> <span class='ocrx_word' id='word_1_189' title='bbox 1149 2307 1327 2354; x_wconf 78' lang='lat' dir='ltr'><em>postioos</em></span> 
     </span>
     <span class='ocr_line' id='line_1_29' title="bbox 87 2376 482 2418; baseline 0.003 -13"><span class='ocrx_word' id='word_1_190' title='bbox 87 2380 213 2418; x_wconf 82' lang='lat' dir='ltr'><em>usque</em></span> <span class='ocrx_word' id='word_1_191' title='bbox 237 2376 482 2418; x_wconf 82' lang='lat' dir='ltr'><em>protensum.</em></span> 
     </span>
    </p>
   </div>
   <div class='ocr_carea' id='block_1_10' title="bbox 38 2472 1328 2586">
    <p class='ocr_par' dir='ltr' id='par_1_12' title="bbox 38 2472 1328 2586">
     <span class='ocr_line' id='line_1_30' title="bbox 81 2472 1326 2521; baseline 0.006 -19"><span class='ocrx_word' id='word_1_192' title='bbox 81 2472 335 2504; x_wconf 75' lang='lat' dir='ltr'><strong><em>SCHELLENB.</em></strong></span> <span class='ocrx_word' id='word_1_193' title='bbox 356 2473 444 2506; x_wconf 85' lang='lat' dir='ltr'><em>Cim.</em></span> <span class='ocrx_word' id='word_1_194' title='bbox 456 2499 468 2513; x_wconf 93' lang='lat'><em>,</em></span> <span class='ocrx_word' id='word_1_195' title='bbox 495 2473 571 2506; x_wconf 78' lang='lat' dir='ltr'><em>tab.</em></span> <span class='ocrx_word' id='word_1_196' title='bbox 598 2474 616 2507; x_wconf 77' lang='lat'>5</span> <span class='ocrx_word' id='word_1_197' title='bbox 628 2500 639 2517; x_wconf 83' lang='lat'><em>‚</em></span> <span class='ocrx_word' id='word_1_198' title='bbox 648 2475 719 2521; x_wconf 84' lang='lat' dir='ltr'><em>fig.</em></span> <span class='ocrx_word' id='word_1_199' title='bbox 741 2486 772 2507; x_wconf 89' lang='lat'><em>1.</em></span> <span class='ocrx_word' id='word_1_200' title='bbox 791 2494 838 2501; x_wconf 93' lang='lat'><em>—-</em></span> <span class='ocrx_word' id='word_1_201' title='bbox 853 2475 1039 2508; x_wconf 74' lang='lat' dir='ltr'><em>Reduvius</em></span> <span class='ocrx_word' id='word_1_202' title='bbox 1054 2482 1210 2521; x_wconf 68' lang='lat' dir='ltr'><em>apim-us,</em></span> <span class='ocrx_word' id='word_1_203' title='bbox 1222 2478 1326 2520; x_wconf 80' lang='lat' dir='ltr'>Fab.;</span> 
     </span>
     <span class='ocr_line' id='line_1_31' title="bbox 38 2534 1328 2586; baseline 0.007 -20"><span class='ocrx_word' id='word_1_204' title='bbox 38 2536 209 2581; x_wconf 67' lang='lat' dir='ltr'><em>Coqnjss.</em></span> <span class='ocrx_word' id='word_1_205' title='bbox 229 2534 352 2568; x_wconf 80' lang='lat' dir='ltr'><em>Illust.</em></span> <span class='ocrx_word' id='word_1_206' title='bbox 379 2538 470 2576; x_wconf 60' lang='grc' dir='ltr'><em>Ιςοης</em></span> <span class='ocrx_word' id='word_1_207' title='bbox 485 2539 638 2579; x_wconf 70' lang='grc' dir='ltr'><em>Ιηεεςΐ.,</em></span> <span class='ocrx_word' id='word_1_208' title='bbox 668 2539 740 2573; x_wconf 75' lang='lat' dir='ltr'><em>dec.</em></span> <span class='ocrx_word' id='word_1_209' title='bbox 767 2539 808 2581; x_wconf 80' lang='lat'><em>3,</em></span> <span class='ocrx_word' id='word_1_210' title='bbox 837 2539 914 2573; x_wconf 75' lang='lat' dir='ltr'><em>tab.</em></span> <span class='ocrx_word' id='word_1_211' title='bbox 933 2550 973 2575; x_wconf 82' lang='lat'><em>21</em></span> <span class='ocrx_word' id='word_1_212' title='bbox 989 2565 1000 2579; x_wconf 78' lang='grc'><em>,</em></span> <span class='ocrx_word' id='word_1_213' title='bbox 1018 2539 1090 2585; x_wconf 80' lang='lat' dir='ltr'><em>fig.</em></span> <span class='ocrx_word' id='word_1_214' title='bbox 1110 2539 1151 2583; x_wconf 79' lang='lat'><em>85</em></span> <span class='ocrx_word' id='word_1_215' title='bbox 1171 2542 1328 2586; x_wconf 74' lang='lat' dir='ltr'><em>punaise</em></span> 
     </span>
    </p>
   </div>
  </div>
 </body>
</html>
