1715 2968
88 207 226 264 Ocm.
252 211 299 265 I
297 211 372 267 V
397 213 573 265 Fam.
596 211 701 267 IV
706 253 747 276 .,
771 210 1177 266 ‘PIemerobimZ
1223 211 1327 266 205

36 312 116 346 latae
131 341 139 357 ‚
156 315 429 350 horizontaliter
444 317 631 350 abdomini
647 317 910 350 incumbentes.
930 316 1117 349 Abdomen
1143 316 1330 360 elongato—

37 380 256 422 quadratum
272 406 281 423 5
300 393 408 425 supra
432 383 582 426 planum
597 408 606 425 5
632 382 765 426 postice
787 381 1022 414 rotundatum
1054 387 1117 413 aut
1146 387 1330 422 retusum,

37 445 230 487 segmentis
249 445 614 479 lineari-transversis
632 462 639 489 3
661 446 855 491 appendice
872 446 1105 488 brevissima,
1122 445 1332 488 stylisormi,

38 510 163 542 conica
179 536 188 552 ‚
218 510 449 543 biarticulata
465 538 473 552 ‚
499 522 543 543 ex
572 517 729 554 utroque
751 511 863 543 latere
880 536 888 551 ‚
911 521 1022 543 anum
1049 522 1185 542 versus.
1219 511 1334 543 Pedes

39 573 189 616 b'reve53
208 574 310 606 tibiis
324 575 555 617 cylindricis,
574 575 765 618 elongatis,
783 574 977 618 gracilibus
993 600 1002 617 ‚
1023 574 1178 618 spinulis
1193 574 1335 606 duabus

36 639 201 671 tribusve
225 640 268 672 ad
296 640 448 684 apicem.

85 705 232 736 Insecta
262 715 324 747 per
354 704 534 747 myriades
560 704 722 736 infinitas
751 703 935 736 societates
961 702 1127 735 ineuntia
1146 728 1154 744 ‚
1181 701 1310 734 Africae
1326 726 1335 742 ‚

37 767 230 800 Indiarum
244 780 387 802 summa
404 769 587 802 calamitas
602 795 611 812 ‚
635 769 870 801 formicarum
887 767 1195 800 desiructionibus
1213 765 1337 798 omni-

42 830 159 862 modis
173 828 444 863 aemulatoress

88 904 174 935 Mas
199 908 233 934 et
251 901 397 948 femina
422 902 529 944 alati,
558 903 694 935 similes
709 917 716 944 3
732 902 940 946 poslerioris
958 902 1073 935 solum
1090 928 1099 944 ›
1125 901 1339 945 gravitatio-

41 966 98 997 nis
118 972 279 1010 tempore
291 992 299 1007 ,
320 967 496 999 abdomen
515 978 668 999 ovorum
684 977 838 999 numero
859 966 1083 1008 maximum,
1102 965 1206 997 valde
1223 965 1340 1008 turgi-

41 1030 154 1072 dum3
179 1030 241 1062 alae
271 1030 441 1063 deciduae.

88 1096 224 1127 Larvoe
256 1101 384 1138 apterae
404 1117 412 1133 ,
438 1095 591 1139 imagini
614 1095 686 1127 fere
713 1095 850 1127 similes
869 1120 878 1136 5
903 1094 1019 1138 capite
1044 1094 1180 1136 majore
1199 1117 1207 1133 5
1231 1091 1344 1123 oculis

43 1157 239 1201 ocellisque
271 1158 487 1201 plerumque
513 1158 627 1190 nullis
655 1165 716 1189 aut
747 1157 940 1198 obsoletis3
972 1156 1116 1188 thorace
1148 1153 1341 1197 segmentis

44 1220 162 1252 tribus
192 1221 303 1252 nudis
322 1236 330 1262 3
351 1232 499 1264 corpore
524 1220 685 1252 molliori
706 1234 714 1261 3
741 1220 793 1251 hae
819 1220 898 1251 solae
927 1218 1096 1261 operariae
1112 1242 1121 1258 5
1141 1215 1343 1248 habitatio-

40 1294 105 1315 nes
119 1289 182 1315 aut
199 1284 304 1315 nidos
322 1283 439 1315 forma
462 1283 579 1316 varios
595 1309 604 1324 5
632 1283 775 1314 conicos
791 1309 799 1324 5
824 1282 976 1313 turritos
997 1307 1006 1322 5
1034 1279 1253 1323 cylindricos
1281 1290 1344 1310 ca·-

41 1346 231 1390 pituloque
259 1352 399 1390 opertos
416 1372 424 1387 5
446 1347 606 1389 globosos
620 1372 629 1388 5
648 1347 747 1377 intus
776 1345 947 1377 daedaleos
963 1370 971 1386 5
997 1356 1042 1376 ex
1072 1355 1179 1376 arena
1198 1370 1206 1385 ‚
1234 1354 1344 1386 vege—

42 1412 212 1444 tabilium
230 1437 238 1452 ‚
269 1412 550 1444 domesticarum
574 1410 856 1454 supellectilium
887 1410 1077 1441 moleoulis
1101 1408 1344 1452 agglutinatis,

41 1481 246 1517 struentes3
270 1475 309 1507 in
338 1480 461 1518 operto
488 1486 627 1517 semper
651 1475 855 1506 laborames
870 1500 878 1515 5
903 1473 1093 1505 cuniculos
1116 1484 1180 1516 pro
1203 1473 1272 1504 viis
1302 1471 1345 1504 ad

46 1539 311 1571 habitationem
349 1538 568 1575 ducentibus
614 1544 755 1580 agentes
784 1563 792 1579 5
841 1550 1035 1582 corporum
1076 1539 1345 1570 destructorum

43 1603 231 1646 superficie
246 1602 319 1634 sola
334 1602 458 1633 relicta
470 1627 478 1642 5
496 1602 647 1644 proinde
662 1602 774 1644 magis
789 1602 998 1646 perniciosae
1011 1617 1019 1643 3
1033 1603 1164 1634 sobolis
1182 1613 1347 1645 procrea-

50 1667 186 1699 {ionem
216 1673 251 1698 et
274 1677 341 1697 ova
368 1671 510 1697 curant.

95 1740 213 1782 Pupae
244 1737 356 1769 larvis
384 1737 542 1778 similes,
569 1743 604 1768 at
630 1737 756 1779 elytris
786 1737 923 1781 alisque
954 1738 1167 1770 dimidiatis.

96 1810 272 1841 Neutrum
287 1807 298 1850 (
313 1808 429 1850 Pupae
445 1806 631 1847 Fabricii)
648 1807 758 1839 larvis
772 1807 930 1840 formum
942 1809 1147 1851 proximum
1159 1835 1168 1850 5
1187 1815 1221 1841 at
1233 1810 1346 1852 capite

46 1871 121 1904 sere
156 1871 267 1913 duplo
292 1870 453 1913 longiore
470 1895 479 1910 5
503 1870 772 1911 subcylindrico
803 1872 862 1902 vel
892 1872 1180 1914 elongato-ovalo
1198 1885 1206 1912 5
1240 1882 1347 1903 man—

48 1932 185 1964 dibulis
209 1932 344 1975 pariter
361 1932 478 1964 multo
493 1932 739 1974 longioribus,
759 1932 802 1964 ad
817 1934 954 1976 apicem
969 1933 1349 1976 elongasti-uncinatis,

50 1997 165 2029 aculis
177 2022 186 2038 5
207 1996 377 2028 cruciatis
398 2011 407 2037 5
435 1996 546 2028 latere
567 1996 712 2028 interno
724 2022 732 2038 5
752 1997 939 2030 bidentato
955 2012 963 2038 5
980 1998 1148 2030 dentibus
1162 1998 1347 2037 brevibus,

0 2078 1 2101 g
46 2061 129 2094 latis
145 2087 154 2103 5
179 2061 356 2093 ‘truncatis
377 2067 440 2093 aut
459 2060 596 2092 obtusis
613 2087 621 2103 5
648 2062 958 2105 subemarginalis.

100 2133 285 2165 Societatis
305 2132 366 2165 hic
387 2133 473 2165 ordo
492 2134 676 2166 larvarum
704 2135 779 2166 sive
807 2136 1056 2179 operariorum
1082 2136 1209 2168 ordine
1227 2137 1351 2169 minus

52 2197 248 2230 admodum
275 2199 437 2242 copiosus
463 2214 471 2241 5
500 2200 663 2232 militant
690 2207 835 2234 lantum
861 2207 896 2232 et
921 2202 1082 2244 periculo
1107 2201 1324 2234 imminente
1341 2228 1349 2243 5

53 2261 172 2304 primo
199 2268 397 2294 occurrunt
415 2288 423 2304 5
455 2263 595 2295 hostem
612 2264 835 2296 mandibulis
854 2265 1024 2297 forficalis
1051 2272 1219 2309 pungunt
1241 2272 1275 2298 et
1301 2267 1350 2298 sic

50 2325 230 2357 familiam
258 2327 355 2358 tueri
384 2334 572 2360 conantur.
601 2329 653 2360 De
684 2329 846 2360 Termile
874 2329 1034 2374 lucfizgo
1064 2330 1223 2372 plurima
1252 2330 1347 2371 vidi3

49 2387 273 2420 insectorum
310 2389 458 2422 illorum
505 2393 705 2424 oeconomia
751 2404 824 2424 non
864 2399 984 2425 *lamen
1028 2394 1112 2425 satis
1155 2394 1348 2437 explorata.

53 2452 171 2494 Pupoe
209 2462 300 2483 verae
332 2463 350 2483 a
391 2454 494 2486 nullo
525 2455 746 2498 observatae3
778 2468 846 2488 nec
880 2457 979 2488 enim
1017 2457 1067 2488 ila
1099 2456 1171 2488 dici
1204 2461 1351 2499 possunt

53 2520 183 2547 neutra
199 2539 208 2558 5
226 2527 309 2548 cum
331 2517 373 2548 ab
402 2517 557 2561 imagine
577 2518 734 2562 perfecto
749 2520 876 2564 capilis
890 2520 1005 2553 forma
1028 2526 1100 2553 toro
1114 2520 1202 2552 coelo
1216 2519 1350 2553 distent
