1715 2968
387 218 408 252 1
421 198 489 270 78
671 199 920 254 Insecta.
950 194 1339 253 Pterodz'cera.

626 356 634 363 -
681 335 1010 377 SECTIO
1074 334 1371 374 PRIMA.

429 437 680 478 Mandihulae
695 436 850 475 validae.
870 436 984 475 Tarsi
1002 435 1189 475 articulis
1213 436 1357 476 tribus.
1375 433 1460 474 Alae
1478 431 1667 489 aequales.

633 546 1029 585 FAMILIA
1114 547 1405 586 PRIMA.

502 652 960 683 LIBELLULINAE.
1012 651 1532 683 LIBELLULINES.

531 755 720 796 Odonata
732 757 973 795 Fafflmcu.
1003 754 1207 793 Odonates
1221 754 1270 793 de
1286 753 1514 793 Fabricius.

609 905 938 944 SECTIO
998 905 1427 944 SECUNDA.

420 1009 675 1050 Mandihulae
710 1010 834 1050 nullae
864 1020 934 1050 aut
973 1010 1176 1051 obsoletae.
1211 1010 1325 1050 Tarsi
1354 1008 1537 1049 articulis
1564 1023 1669 1064 qua-

368 1088 477 1119 tuor.
507 1078 593 1119 Alae
633 1079 775 1120 inFerae
815 1080 972 1133 superis
1012 1079 1144 1118 multo
1186 1079 1376 1118 minores.
1419 1078 1541 1117 Pedes
1581 1077 1663 1117 duo

365 1150 493 1190 antici
517 1149 750 1204 longiores,
777 1151 969 1204 porrecti.
1001 1150 1254 1202 (Abdomen
1279 1150 1372 1189 setis
1391 1147 1664 1200 caudalibus.)

670 1289 951 1327 TRIBUS
1008 1288 1368 1327 SECUNDA.

561 1400 975 1431 FILICORNES.
1043 1400 1470 1432 FILICORNES.

456 1508 667 1562 Synistata
697 1509 938 1546 FABmen.
970 1510 1212 1559 *Synistates
1253 1507 1303 1545 de
1335 1507 1564 1546 Fabricius.

418 1629 620 1666 Antennae
648 1624 835 1665 articulis
859 1625 1062 1664 sexdecim
1091 1634 1131 1664 et
1158 1624 1288 1673 ultra,
1308 1635 1538 1666 extrorsum
1557 1641 1665 1667 cras-

368 1700 494 1737 siores
525 1696 590 1736 vel
616 1696 833 1736 filiformes
860 1705 930 1734 aut
955 1696 1155 1749 paulatim
1179 1707 1360 1746 setaceae‚
1387 1699 1553 1738 thorace
1578 1714 1664 1739 non

366 1766 588 1806 breviores.
615 1765 731 1819 Palpi
749 1765 986 1805 maxillares
1001 1768 1169 1815 exserti,
1190 1767 1376 1806 articulis
1396 1768 1579 1821 quinque
1596 1776 1664 1808 aut

298 1846 301 1849 ’
362 1845 540 1890 quatuor
562 1836 783 1875 distinctis.
817 1834 902 1875 Alae
923 1835 1067 1888 saepius
1087 1835 1250 1875 dessexae
1270 1845 1338 1875 aut
1357 1837 1659 1877 incumbentes.

673 1952 1001 1992 SECTIO
1056 1953 1352 1992 PRIMA.

878 2041 1147 2081 Mandibulae.

644 2154 1019 2192 DIVISIO
1073 2153 1368 2193 PRIMA.

734 2240 848 2280 Tarsi
873 2240 1058 2279 articulis
1085 2239 1286 2294 quinque]

355 2408 481 2448 sormi
498 2416 538 2446 et
554 2408 603 2446 ad
623 2408 781 2461 apicem
799 2408 1084 2449 instrumentis

355 2476 524 2517 cibariis
552 2477 765 2518 instructo.

409 2340 541 2390 Caput
567 2352 757 2390 processu
776 2339 912 2378 antico
942 2339 1086 2378 rostri-
1171 2356 1373 2390 FAMILIA
1399 2356 1631 2390 SECUNDA·

1103 2357 1130 2519 5
1226 2422 1252 2454 Ρ
1266 2433 1291 2454 A
1309 2433 1332 2454 N
1351 2432 1372 2454 ο
1388 2433 1411 2454 n
1427 2432 1512 2455 PAT
1526 2432 1567 2454 ⁴13.

1273 2487 1519 2531 Panorpates.
