1715 2968
368 226 395 261 2
408 227 430 262 1
441 207 473 265 6
665 214 913 268 Insecta.
938 214 1112 268 Ptero
1120 212 1325 269 dicem.

420 314 598 355 Labium
617 316 840 371 integrum.
868 316 1147 496 Oviductus}
1190 315 1390 369 FAMILIA
1417 333 1644 369 SECUNDA,

372 384 530 423 terebra
554 385 785 439 cylindrica
796 416 806 434 ,
825 385 1016 425 filiformi
1034 394 1103 425 aut
1252 398 1285 430 U
1299 410 1320 431 R
1337 410 1359 432 0
1373 409 1391 431 0
1407 409 1427 431 E
1439 409 1461 430 R
1476 409 1503 432 A
1515 408 1537 430 Τ
1546 407 1582 430 Α,

372 453 587 506 capillari,
614 456 759 509 saepius
786 465 955 495 exserta.
1306 462 1529 496 Urocbrates.

610 609 939 649 SECTIO
1004 611 1433 650 SECUNDA.

527 739 955 771 PUPOPHAGA.
1011 741 1508 772 PUPOPHAGES.

428 869 679 910 Abdominis
716 869 825 908 basis
852 870 1076 909 insertione
1106 869 1226 909 valde
1262 870 1477 919 distincta,
1507 870 1687 910 thoraci'

375 950 530 995 puncto
558 941 809 980 diametrove
849 956 977 994 parvo
1016 956 1194 992 annexa,
1227 942 1378 996 pedum
1412 941 1666 995 posticorum

373 1012 580 1065 originem
609 1026 695 1050 non
722 1021 872 1065 tegens·

432 1115 631 1154 Antennae
665 1115 862 1169 palpique
891 1115 1107 1154 filiformia

379 1195 451 1224 aut
481 1194 655 1236 setacea3
688 1193 874 1224 antennae
907 1184 1107 1224 tredecim

378 1264 450 1293 aut
478 1254 790 1307 quatuordecim
810 1255 1008 1293 articulis.
1023 1254 1109 1292 Ab·
1200 1266 1402 1299 FAMILIA
1425 1267 1640 1300 TERTIA,

378 1322 531 1362 domen
556 1324 642 1360 illis
669 1322 746 1361 sub
772 1322 945 1361 scutello
976 1324 1109 1362 inser-
1256 1330 1284 1361 E
1296 1340 1322 1360 v
1335 1338 1358 1359 A
1373 1339 1397 1359 N
1413 1339 1423 1359 1
1439 1339 1463 1359 A
1479 1339 1503 1361 L
1519 1340 1539 1361 E
1553 1340 1579 1362 s.

378 1402 469 1432 tum
482 1422 491 1440 ‚
526 1393 591 1430 his
611 1391 900 1431 metathoracis
915 1392 1022 1444 apici
1042 1392 1109 1429 in-
1313 1393 1525 1428 Evaniales.

379 1462 494 1507 fero,
526 1470 567 1499 at
602 1459 779 1510 lineare,
806 1460 1109 1513 longissimum.

379 1531 509 1571 Tibiae
533 1530 696 1583 posticae
724 1543 824 1581 saepe
850 1529 1029 1568 clavatae.

431 1633 635 1672 Antennae
667 1629 864 1684 palpique
895 1629 1111 1669 filiformia

381 1702 448 1743 vel
465 1710 640 1750 setacea3
657 1709 841 1739 antennae
853 1699 1038 1738 articulis
1051 1699 1115 1739 vi—
1203 1703 1404 1737 FAMILIA
1428 1702 1637 1743 QUARTA.

384 1771 494 1827 ginti
511 1780 550 1810 et
582 1770 707 1809 ultra.
735 1767 851 1823 Palpi
880 1769 1114 1809 maxillares
1259 1768 1584 1800 ICHNEUMONIDES·

380 1855 481 1897 saepe
508 1840 714 1894 elongati,
741 1839 927 1893 quinque
950 1847 1021 1878 aut
1046 1853 1115 1879 sex
1269 1831 1572 1865 Iclmeumonides.

383 1908 583 1950 articulis.

436 2014 556 2068 Palpi
589 2013 825 2053 brevissimi
856 2022 927 2053 aut
952 2015 1021 2054 vix
1045 2028 1116 2053 ex-

385 2085 482 2123 serti
500 2114 509 2131 ,
536 2082 710 2123 articulo
727 2082 876 2122 ultimo
895 2084 1114 2136 crassiore3

386 2151 622 2192 maxillares
668 2152 886 2205 saepissime
930 2153 1115 2193 articulis

386 2231 576 2275 quatuor.
601 2222 802 2260 Antennae
818 2221 1033 2262 flliformes
1049 2223 1114 2263 vel
1217 2212 1417 2246 FAMILIA
1441 2213 1636 2255 QUINTA·

387 2305 409 2328 a
429 2291 516 2328 basi
541 2289 590 2328 ad
609 2290 767 2343 apicem
791 2289 994 2344 gradatim
1014 2305 1114 2344 pau-
1230 2277 1282 2309 D¹
1293 2287 1375 2310 9¹⁴⁰
1387 2288 1410 2310 L
1422 2289 1443 2310 Ε
1454 2289 1506 2310 ΡΑ
1519 2290 1541 2311 R
1552 2290 1616 2312 ΗΕ·

386 2357 513 2411 lisper
527 2367 757 2397 extrorsum
776 2360 1011 2410 crassiores,
1030 2374 1114 2400 rec·
1290 2340 1568 2388 D¹Pl⁰lel²a¹⁷³⁸'

389 2437 458 2476 tae,
496 2443 517 2466 a
552 2428 770 2469 duodecim
799 2428 850 2470 ad
874 2430 1113 2483 quindecim

388 2495 594 2537 articulos.

1556 2573 1672 2628 Paipi
