1715 2968
412 171 552 227 ord.
589 172 696 238 V„
745 173 890 228 Sect.
928 179 984 231 l.
1235 198 1338 253 2¹9

98 279 113 331 (
145 277 304 318 Insecta
350 278 534 317 solitarie
572 277 775 331 degentia.

45 348 198 386 Neutra
217 347 344 386 nulla.
359 346 534 386 Masculi
554 356 594 385 et
614 347 777 386 feminae

45 415 184 469 alati.)
203 417 400 455 Thoracis
421 425 679 470 segmentum
699 430 775 455 an-

45 486 172 524 ticum
198 485 375 525 secundo
400 486 596 535 inferius,
617 486 776 525 brevis-

43 555 194 595 simum
205 586 215 604 ,
240 556 671 605 transverso-lineare,
690 555 775 594 ala-

40 639 135 664 rum
155 625 362 679 originem
390 641 513 680 supra
539 641 625 666 non
652 625 776 665 attin-

42 709 149 749 gens.
192 697 376 736 Lahrum
423 695 660 736 nullatenus
704 705 776 735 aut

42 779 129 803 non
163 765 329 818 penitus
368 775 575 804 exsertum
597 796 609 815 ‚
643 765 773 804 mini-

42 848 171 872 mum.
218 835 350 888 Caput
395 849 495 888 saepe
537 850 737 888 magnum
762 865 774 881 ,

41 902 222 942 thoracis
250 912 461 957 segmento
498 904 677 943 secundo
711 903 775 942 la-

11 970 13 972 ’
41 972 148 1024 tius;
178 972 351 1026 occipite
389 988 497 1026 pone
532 973 674 1013 oculos
702 989 776 1014 ex-

42 1049 174 1082 tenso.

103 1164 118 1217 (
148 1163 310 1202 Insecta
346 1162 529 1202 solitarie
570 1164 779 1217 degentia.

44 1233 200 1272 Neutra
219 1232 350 1271 nulla.
369 1232 544 1272 Masculi
565 1242 605 1272 et
620 1234 784 1272 feminae

44 1302 157 1342 alati.
175 1303 187 1355 )
209 1303 408 1342 Thoracis
425 1312 685 1356 segmentum
705 1318 782 1341 an-

45 1373 178 1412 ticum
199 1372 379 1412 secundo
399 1373 594 1421 inferius,
621 1373 783 1412 brevis-

45 1443 221 1492 simum,
243 1443 675 1492 transverso-lineare,
698 1442 782 1482 ala-

44 1527 139 1552 rum
169 1512 375 1564 originem
403 1526 527 1564 supra
550 1527 636 1551 non
653 1514 784 1551 attin-

43 1596 152 1636 gens.
170 1581 354 1619 Lahrum
372 1581 539 1632 penitus
557 1589 780 1619 exsertum.

44 1653 178 1705 Caput
221 1651 413 1689 omnium
458 1649 641 1688 thoracis
690 1663 781 1702 seg-

45 1731 188 1762 mento
229 1720 409 1760 secundo
455 1719 671 1773 angustius
713 1727 782 1757 aut

46 1792 118 1832 vix
156 1791 272 1830 illius
312 1789 534 1829 latitudine
555 1804 564 1837 3
606 1788 783 1841 occipite

45 1876 154 1916 pone
179 1861 322 1901 oculos
351 1875 439 1900 non
464 1868 642 1899 extenso.

98 1980 113 2030 (
140 1980 301 2018 Insecta
330 1977 513 2017 solitarie
547 1975 778 2029 degentia.)

45 2051 199 2089 Neutra
218 2049 345 2088 nulla.
363 2045 538 2086 Masculi
557 2056 596 2085 et
618 2046 781 2085 feminae

47 2116 160 2156 alati.
190 2117 390 2155 Thoracis
420 2123 678 2167 segmentum
705 2128 782 2151 an-

51 2188 183 2226 ticum
210 2185 380 2225 secundi
414 2183 635 2223 altitudine
656 2213 666 2230 ,
698 2181 782 2221 ala-

51 2271 146 2296 rum
179 2256 384 2308 originem
412 2268 535 2307 supra
562 2254 783 2305 attingens.

52 2325 304 2365 Abdominis
322 2321 535 2377 pediculus
559 2336 634 2360 nec
661 2335 784 2373 squa-

54 2394 261 2434 miformis
303 2408 376 2433 nec
405 2393 578 2433 discrete
606 2390 783 2431 nodulo-

55 2483 141 2520 sus3
172 2465 318 2518 (ocelli
349 2466 392 2506 in
420 2475 596 2518 utroque
618 2461 756 2514 sexu).

798 1172 833 2505 ἓ

882 606 1082 640 FAMILIA
1107 604 1299 638 DECIMA.

916 670 1259 702 CRABRONITES.

973 731 1215 766 crabronites.

847 1455 1049 1488 FAMILIA
1083 1455 1344 1494 UNDECIMA.

925 1520 1261 1553 BEMBEmDEs.

976 1582 1213 1616 Bembesscides.

897 2156 1133 2193 FAMILIA
1173 2155 1231 2189 XI
1244 2154 1292 2188 1².

957 2224 978 2255 S
992 2232 1010 2254 c
1027 2232 1048 2253 o
1062 2231 1085 2252 L
1101 2230 1113 2251 1
1130 2230 1150 2252 E
1162 2230 1184 2252 τ
1196 2229 1237 2252 m.

1002 2280 1186 2315 Scolc'e'tes.
