1715 2968
372 171 479 224 214
671 172 923 228 Insecta.
964 170 1359 226 Pterodicera.

372 277 701 321 quadriarticulati.
722 282 839 325 Caput
857 279 953 313 infra
972 279 1121 312 definite
1147 287 1359 314 excavatum
1385 281 1397 325 (
1412 280 1502 327 gula
1523 280 1637 323 Kirby
1656 281 1668 325 *J

372 354 438 387 pro
464 340 697 379 maxillarum
738 347 899 389 labiique
937 346 1135 378 insertione
1168 361 1178 389 5
1223 347 1380 380 maxillae
1421 352 1458 379 et
1490 346 1628 379 labium
1654 372 1663 387 ,

374 417 505 450 genere
540 411 687 443 Uroceri
716 416 863 453 excepto
881 435 890 452 ,
927 410 1137 454 ligamentis
1182 412 1363 445 distinctis
1394 412 1407 458 (
1435 412 1669 445 maxillarum

374 471 450 504 sive
479 473 597 516 Kirby
623 473 853 508 valvularum
878 475 966 507 loris
995 481 1030 508 et
1062 475 1151 508 labii
1178 475 1326 522 fulcro)
1360 477 1470 521 capiti
1501 488 1640 509 annexa
1661 503 1672 518 ‚

374 538 545 581 parallele
571 545 715 570 extensa
730 564 739 580 ,
772 538 816 572 ad
845 540 1022 583 angulum
1047 541 1219 573 verticale
1235 566 1244 583 ‚
1268 542 1372 585 (non
1396 541 1671 574 horizontaliler

377 605 412 631 et
444 600 603 632 exterius
633 607 675 633 ut
704 601 743 633 in
775 602 1024 647 Ortlzopteris‚
1057 603 1321 648 Nevropteris)
1352 603 1449 636 ultra
1476 603 1673 646 ligamenta
1713 615 1715 650 Ι

375 664 588 707 geniculata.
631 663 805 700 Maxilloe
832 692 841 708 ‚
889 667 1036 700 Urocen'
1073 678 1201 710 genere
1240 673 1388 711 excepto
1415 693 1424 709 3
1466 667 1634 699 coriaceae
1659 691 1668 706 ‚

377 725 651 760 valvuliformes
682 753 691 770 ,
726 729 843 762 menti
875 729 1010 762 labiive
1050 729 1132 762 tubi
1173 729 1349 773 vaginalis
1378 729 1491 761 latera
1519 728 1676 772 amplec-

378 797 496 824 tentes
514 798 577 825 aut
592 793 796 828 fulcientes,
825 795 982 828 Labium
1011 796 1331 828 membranaceum
1347 820 1357 835 ‚
1384 794 1510 838 saepius
1535 794 1682 837 elonga-

377 861 458 888 ‘tum
474 881 483 898 ,
509 857 623 890 forma
652 859 798 891 varium
819 881 830 900 ‚
855 859 894 891 in
920 859 1049 891 multis
1077 859 1242 892 trifidum
1260 884 1268 900 ,
1292 858 1368 891 illis
1387 858 1603 901 plerumque
1633 856 1686 888 a&

380 920 519 964 apicem
545 922 739 955 dilatatum
757 948 765 964 ,
792 923 848 956 his
877 923 1015 956 lineare
1037 924 1096 956 vel
1122 924 1161 955 in
1194 930 1306 956 setam
1332 922 1550 966 productum
1568 946 1577 962 ,
1599 921 1679 952 lin-

379 984 580 1028 guiforme3
604 987 705 1031 apice
727 987 766 1020 in
793 987 972 1020 aculeatis
987 999 1074 1032 saepe
1090 987 1224 1020 reflexo
1249 992 1312 1018 aut
1335 986 1481 1018 inflexo.
1501 987 1679 1025 Mantum,

382 1050 532 1082 Uroceri
558 1061 686 1094 genere
712 1059 860 1096 excepto
880 1079 889 1095 ,
920 1053 1134 1086 tubulosum
1165 1077 1174 1093 ,
1208 1051 1437 1092 coriaceum,
1471 1048 1680 1092 semicylin-

378 1112 523 1147 dricum
543 1122 605 1148 aut
629 1117 915 1150 subobconicum
933 1133 942 1160 3
962 1119 1061 1162 apice
1088 1118 1215 1151 latiore
1231 1143 1240 1157 ‚
1270 1116 1392 1151 medio
1420 1126 1563 1148 summo
1593 1125 1680 1157 saepe

380 1179 609 1214 unidentato.

431 1260 564 1302 Goypus
584 1260 791 1302 elongatum
808 1286 817 1302 ,
832 1263 1049 1305 plerumque
1075 1262 1404 1304 subcylindricum.
1426 1261 1543 1305 Caput
1568 1257 1680 1300 trigo-

383 1330 474 1352 num
499 1321 559 1355 vel
584 1330 954 1365 compresso-ovatum
972 1349 981 1364 3
1005 1325 1177 1356 verticalc
1201 1339 1208 1365 3
1237 1324 1351 1355 oculis
1377 1323 1518 1354 duobus
1540 1320 1655 1351 ovaiis
1670 1345 1681 1358 ,

382 1384 591 1417 lateralibus
606 1400 615 1427 3
644 1386 859 1430 plerumque
879 1387 1000 1419 ocellis
1032 1387 1147 1419 tribus
1159 1411 1168 1429 ‚
1201 1386 1329 1429 capitis
1364 1385 1495 1417 vertici
1526 1383 1683 1416 insertis.

387 1448 533 1480 Thorax.
557 1449 727 1492 (truncus
741 1476 750 1492 ‚
768 1451 885 1492 Kirby
905 1451 916 1494 )
943 1450 1236 1492 subcylindricus
1265 1456 1327 1481 aut
1355 1449 1573 1489 subovatus3
1608 1457 1685 1489 seg—

382 1511 516 1543 mentis
540 1512 658 1544 tribus
676 1519 771 1545 arole
792 1515 965 1545 connexis
981 1538 989 1553 ,
1012 1513 1159 1555 posticis
1174 1512 1316 1543 duobus
1332 1511 1551 1554 praeserlim3
1566 1510 1686 1542 antico

384 1572 398 1616 (
414 1573 546 1607 collare
557 1599 565 1614 ,
582 1575 697 1616 Kirby
713 1579 725 1615 )
741 1576 954 1607 brevissimo
970 1601 978 1616 3
1009 1581 1212 1606 transverso
1229 1589 1237 1616 3
1268 1574 1374 1606 terlio
1401 1575 1412 1617 (
1427 1574 1655 1606 metathorax
1673 1599 1681 1613 ,

387 1637 528 1681 Kirby)
555 1638 687 1670 declivi
713 1644 774 1669 aut
796 1638 927 1681 postice
945 1643 1133 1679 {runc-am,
1163 1638 1357 1670 scutellum
1375 1638 1519 1681 proprie
1546 1637 1686 1669 dictum

385 1707 421 1732 et
439 1708 622 1744 segmento
638 1702 795 1734 secundo
809 1702 972 1746 (thorax,
985 1701 1117 1747 Kirby)
1133 1702 1280 1734 affixum
1292 1727 1300 1742 ,
1317 1706 1580 1745 supertegenle.
1597 1700 1684 1733 Alae

388 1767 429 1799 in
448 1767 628 1810 plerisque
659 1767 932 1799 horizonlaliler
960 1768 1064 1800 dorso
1090 1767 1371 1807 incumbentes3
1405 1766 1464 1797 alae
1484 1766 1687 1808 superiores

389 1832 580 1874 squamula
595 1831 637 1862 ad
657 1830 759 1863 basin
781 1831 956 1873 suffultae3
975 1831 1165 1864 inferiores
1185 1832 1343 1864 minores
1359 1855 1368 1872 ‚
1389 1841 1685 1874 pauco-nervosae.

388 1893 578 1926 Abdomen
591 1893 704 1925 forma
726 1893 889 1934 varium,
905 1893 1261 1935 semi—cylindricum
1280 1918 1288 1933 ‚
1315 1892 1483 1924 subovale
1500 1916 1508 1931 ,
1532 1891 1688 1922 subm-a-

389 1963 488 1995 tum,
506 1956 673 1988 conicum
686 1982 694 1998 3
720 1956 815 1988 infra
827 1957 1101 1989 subcarinatum
1117 1966 1179 1988 aut
1197 1957 1347 1999 planum
1368 1955 1426 1987 vel
1441 1954 1659 1987 fornicatum
1679 1980 1686 1994 ,

390 2019 430 2051 in
449 2019 711 2052 terebrantibus
724 2020 914 2052 nonnullis
927 2020 1046 2052 sessile
1059 2045 1068 2061 ‚
1082 2019 1122 2052 in
1141 2019 1221 2052 aliis
1244 2024 1379 2064 puncto
1400 2017 1538 2050 thoraci
1560 2017 1686 2049 inocu-

389 2081 507 2114 lalum
523 2097 530 2123 5
546 2081 738 2125 segmentis
755 2094 886 2114 novem
900 2087 961 2114 aut
981 2088 1060 2114 octo
1078 2082 1118 2114 in
1129 2079 1394 2114 terebrantibus
1411 2078 1583 2123 plurimis
1599 2092 1607 2120 3
1623 2089 1684 2110 sex

395 2143 591 2189 (semina)
612 2150 674 2175 aut
694 2151 828 2188 sepwm
851 2143 1077 2185 (masculus)
1104 2149 1244 2176 tantum
1269 2142 1307 2173 in
1332 2140 1536 2180 aculeatis5
1560 2141 1689 2183 primo,

395 2208 498 2239 basin
523 2219 644 2239 versus
662 2233 670 2248 ,
689 2208 725 2239 in
750 2208 958 2250 pediculum
988 2207 1203 2250 quandoque
1218 2205 1584 2247 elongato-attenuato
1603 2217 1611 2245 3
1628 2214 1691 2234 or-

393 2281 484 2314 gana
522 2272 691 2314 geliifalia
734 2272 877 2304 interna
896 2297 904 2311 ‚
927 2271 1056 2303 analia.
1085 2270 1246 2302 Femina>
1275 2275 1475 2311 neutraque
1506 2266 1582 2300 illis
1611 2266 1692 2298 ovi-

394 2334 504 2367 duclu
522 2335 769 2367 lamellisormi
785 2342 846 2368 aut
860 2334 1038 2367 sctisormi
1054 2360 1062 2376 ‚
1089 2334 1247 2366 valvulis
1262 2334 1400 2366 duabus
1419 2333 1584 2376 vaginato
1601 2357 1609 2372 ‚
1636 2331 1691 2363 his

393 2397 517 2429 aculeo
534 2397 724 2440 punt-,torio
739 2422 749 2435 ,
775 2408 818 2428 ex
839 2397 960 2428 aculeo
990 2396 1133 2440 proprio
1150 2402 1185 2428 et
1212 2396 1312 2428 illius
1336 2395 1463 2438 vagina
1487 2398 1690 2433 constante,

394 2460 498 2503 stylis
514 2460 656 2492 duobus
675 2461 908 2505 compressis,
938 2461 1107 2494 brevibus
1121 2486 1132 2501 ,
1159 2459 1327 2504 adjectis),
1356 2459 1543 2491 instructa.
1572 2457 1687 2491 Pedes
