1715 2968
363 229 384 265 1
395 231 461 267 02
656 215 908 271 Insecta.
955 215 1345 273 Pteroclicera.

579 374 975 413 FAMILIA
1047 373 1423 424 QUARTA.

660 492 823 524 ACRY
839 495 903 524 DI
920 495 951 525 Ι.
988 494 1327 527 ACRYDIENS.

400 608 726 643 OBSERVATloNEs.
752 611 938 645 Antennoe
962 611 1148 644 filiformes
1173 618 1235 644 aut
1250 612 1459 645 subsetaceae
1480 612 1540 646 vel
1558 612 1652 657 pris-

353 673 733 718 matico-ensiformes‚
759 676 800 708 in
822 677 1012 709 nonnullis
1032 683 1238 710 extrorsum
1255 677 1459 719 crassiores,
1485 677 1654 722 subcapi-

353 743 457 776 tatae,
489 738 645 773 thoracis
663 741 866 785 corporisve
887 741 1035 774 dimidii
1059 741 1289 786 longitudine
1304 768 1313 784 ‚
1342 741 1507 774 articulis
1524 753 1543 774 a
1562 742 1654 775 duo-

353 800 472 833 decim
498 803 716 837 tredecimve
731 805 776 837 ad
798 805 932 849 viginti
958 805 1136 849 quinque.
1165 804 1324 838 Labrum
1348 804 1474 848 saepius
1497 804 1655 848 emargi-

352 871 493 898 natum.
520 867 752 902 Mandibuloe
781 869 1074 903 multi-dentatae.
1095 868 1212 915 Palpz·
1236 868 1390 902 articulo
1410 867 1542 901 ultimo
1570 867 1656 900 sub-

353 931 537 966 obconico.
563 934 739 969 Maxilloe
767 937 866 981 apice
888 937 1103 970 tridentatae.

400 996 564 1030 Habitus
584 999 826 1039 locustarum,
854 1006 890 1033 at
914 1012 1042 1045 corpus
1066 1001 1236 1042 crassius,
1262 1000 1414 1044 pedibus
1438 998 1656 1032 robustiori-

353 1058 443 1100 bus,
475 1058 648 1105 (posticis
676 1062 900 1110 praesertim)
935 1064 1189 1105 brevioribus,
1228 1063 1272 1096 ad
1304 1063 1510 1096 saltandum
1543 1061 1655 1105 magis

352 1123 515 1168 idoneis3
539 1133 695 1169 quatuor
727 1128 947 1172 posticorum
980 1128 1123 1172 singulo
1150 1129 1193 1160 ab
1225 1127 1386 1171 ejusdem
1421 1127 1517 1171 paris
1544 1126 1656 1159 altero

353 1188 548 1222 intervallo
569 1203 698 1234 magno
723 1193 878 1225 distante
901 1192 1078 1238 (pectore
1094 1193 1165 1224 late
1193 1198 1228 1224 et
1246 1192 1453 1235 quadratim
1471 1190 1653 1233 extenso).

355 1251 474 1283 Ocella·
492 1258 564 1284 tres
587 1253 773 1296 distincti,
801 1254 974 1287 frontales
995 1266 1058 1298 per
1081 1255 1308 1298 triangulum
1328 1254 1512 1298 dispositi3
1533 1264 1577 1284 ex
1598 1253 1654 1284 his

353 1325 428 1347 uno
442 1316 660 1361 plerumque
681 1318 861 1360 solitario,
890 1319 1007 1351 infero
1020 1343 1029 1360 ‚
1046 1319 1175 1350 carinae
1189 1318 1331 1350 sulculo
1357 1323 1391 1349 et
1413 1318 1510 1349 inter
1527 1322 1655 1348 anten-

352 1390 416 1411 nas
441 1380 578 1414 inserto
604 1397 612 1424 3
637 1383 778 1416 duobus
807 1383 889 1415 aliis
916 1389 1160 1416 antennarum
1188 1382 1427 1415 insertionem
1455 1393 1583 1425 supra,
1611 1381 1655 1413 ad

352 1445 543 1477 oculorum
569 1447 771 1490 marginem
798 1447 1000 1480 internum.
1021 1447 1155 1492 Elytra
1179 1447 1218 1478 in
1243 1452 1399 1489 utroque
1425 1457 1513 1478 sexu
1538 1444 1656 1477 consi-

351 1508 456 1541 milia
472 1523 480 1551 3
506 1510 658 1543 masculi
670 1536 679 1553 ,
703 1511 775 1544 alas
789 1511 890 1545 tibiis
906 1511 1050 1554 posticis
1064 1510 1228 1542 fricando
1249 1509 1404 1542 strident
1418 1533 1427 1550 ,
1447 1515 1482 1540 et
1503 1508 1655 1540 feminas

354 1572 536 1606 alliciunt.

352 1690 390 1727 I.
425 1689 482 1727 Os
514 1689 711 1726 detectum
726 1704 742 1736 ;
768 1697 959 1727 antennae
988 1691 1174 1728 articulis
1199 1705 1226 1727 a
1253 1690 1390 1728 decem
1420 1697 1460 1726 et
1485 1697 1567 1727 octo
1601 1689 1662 1726 ad

405 1760 558 1811 viginti
583 1767 756 1812 quatuor
769 1775 785 1807 ;
812 1761 937 1812 galea
956 1775 1128 1814 magna,
1157 1761 1447 1813 subobtn‘gona
1471 1760 1536 1798 vel
1561 1760 1657 1797 sub-

407 1837 529 1867 ovata
542 1845 560 1877 ,·
603 1830 759 1868 labium
788 1831 962 1882 bzfldum
980 1861 993 1877 ,
1035 1833 1281 1870 laciniarum
1310 1831 1482 1869 articulo
1515 1831 1657 1868 ultimo

407 1908 634 1939 transverso
648 1917 665 1948 ,·
681 1909 880 1939 tarsorum
895 1903 1093 1941 articulus
1111 1904 1278 1941 ultimus
1297 1901 1523 1954 appendice
1539 1915 1657 1939 mem-
1704 1912 1707 1915 '

408 1970 632 2017 branuc-ea,
659 1971 904 2018 rotundatu,
935 1974 1040 2011 inter·
1072 1987 1225 2024 ungues
1251 1973 1470 2023 intety'ecta.

405 2095 617 2135 CCCLVI.
647 2096 806 2136 Gmws.
836 2101 1123 2136 PNEUMORA.
1152 2101 1389 2136 Pneumore.

407 2169 639 2205 Pneumora
649 2196 661 2212 ,
702 2169 884 2206 TJJUNB.
903 2191 956 2196 —-
978 2168 1146 2219 Gryllus
1180 2167 1195 2219 (
1213 2164 1418 2218 Locusta)
1436 2195 1449 2211 ,
1483 2168 1626 2205 LINN.
1643 2196 1657 2213 ,

355 2237 468 2273 ΓΑΒ.
503 2259 555 2264 -
587 2237 839 2288 Acrydium,
869 2251 929 2275 DE
957 2237 1113 2281 GEER,
1148 2236 1365 2274 OLJVIER.

408 2307 615 2345 Antennoe
643 2306 858 2345 filiformes
880 2306 1082 2359 (articulis
1113 2322 1135 2345 a
1161 2306 1362 2346 sexdecim
1392 2305 1440 2345 ad
1461 2305 1649 2359 viginti).

356 2377 491 2415 Pedes
527 2390 670 2415 omnes
705 2391 877 2430 corpore
917 2378 1138 2418 breviores.
1179 2379 1308 2417 Ocelli
1346 2377 1621 2431 approximati
1643 2407 1654 2426 ‚

357 2446 467 2485 inter
488 2459 528 2485 se
558 2446 747 2500 subaeque
767 2446 915 2488 dissiti.
951 2448 1166 2488 Abdomen
1193 2450 1337 2503 saepius
1356 2445 1628 2488 vesiculosum
1641 2475 1653 2495 2

358 2523 404 2554 ut
438 2528 638 2564 vacuum,
667 2514 874 2555 inflatum.
