1715 2968
325 209 433 264 240
621 205 869 261 Insecta.
919 201 1307 260 Pterodicercz‚

322 313 493 364 latiore3
532 311 685 366 angulo
718 311 883 365 singulo
921 310 1208 364 unipalpigero
1238 327 1247 361 3
1283 309 1397 363 palpi
1435 306 1607 351 labiales

321 384 488 438 proprie
531 383 631 423 dicti
672 383 834 435 magni,
861 381 1031 430 exserti,
1062 380 1163 419 labii
1193 379 1473 434 longitudine,
1498 379 1615 431 capi-

322 455 420 501 tati,
454 452 639 493 articulis
667 452 800 490 tribus
832 451 998 504 (stipite
1027 451 1165 490 hasive
1201 461 1241 490 et
1270 451 1379 489 infra
1421 449 1613 489 articuli-

319 525 447 564 sormi
480 539 563 563 non
591 530 827 574 computato
845 521 884 574 );
914 522 1061 574 primis
1080 521 1242 561 duobus
1262 520 1583 576 subcylindricis
1602 550 1613 570 ,

320 591 489 631 basilari
516 592 703 630 breviore
730 600 769 629 et
792 590 837 628 in
864 589 1081 629 nonnullis
1109 591 1178 629 vix
1209 591 1261 629 ob
1289 604 1489 629 summam
1517 590 1617 628 hre-

323 663 495 703 vitatem
525 660 823 712 discernendo,
856 661 977 699 tertio
1002 661 1086 700 sive
1109 660 1260 700 ultimo
1284 661 1461 711 majore,
1485 659 1619 699 multo

322 733 539 781 crassiore,
569 731 667 784 pilis
695 730 894 785 elongatis
928 731 1110 776 hirsuto,
1145 730 1426 770 subobconico
1454 729 1517 769 vel
1549 731 1619 769 in·-

323 803 816 855 crassato·subobtrigono
838 833 848 851 ,
889 801 939 840 ad
983 802 1140 854 apicem
1181 801 1352 855 oblique
1388 807 1578 838 truncato
1604 830 1618 850 ,

321 883 507 930 pertuso,
537 872 739 911 foramine
765 881 961 922 externo;
991 870 1090 909 labii
1123 886 1215 924 pars
1243 871 1363 909 tertia
1380 879 1419 908 et
1449 869 1620 916 ultima,

323 942 433 981 ultra
461 941 606 996 palpos
637 939 905 993 praecedentes
941 952 1187 992 exsurgens,
1233 939 1459 976 introrsum
1494 936 1621 990 paulo

323 1012 528 1067 gradatim
560 1009 809 1058 subinflexa,
835 1008 1051 1062 gracilior,
1082 1007 1269 1061 longior,
1295 1007 1620 1057 membranacea,

323 1079 864 1136 triquetro-subcylindrica
899 1078 1134 1129 (lateribus
1169 1079 1443 1131 compressis)
1483 1086 1522 1115 ct
1569 1076 1622 1115 ad

323 1154 480 1207 apicem
512 1150 636 1205 paulo
669 1150 818 1190 sensim
848 1150 1080 1203 angustior,
1110 1149 1382 1203 liguliformis
1402 1179 1412 1196 ‚
1447 1147 1622 1199 villosa3

323 1225 428 1264 facie
461 1223 596 1262 antica
622 1231 661 1260 et
694 1221 825 1259 infera
854 1229 947 1259 cute
976 1220 1159 1259 coriacea
1185 1228 1224 1257 et
1249 1217 1470 1258 scutellum
1497 1218 1621 1257 subo-

322 1303 465 1334 vatum
497 1293 695 1331 referente
730 1290 871 1327 vestita
903 1290 971 1341 (1).

376 1380 529 1430 Corpus
561 1372 856 1429 cylindricum.
891 1373 1023 1423 Caput
1053 1371 1397 1424 semiglobosum,
1438 1372 1620 1412 thoracis

321 1448 545 1489 latitudine
569 1454 638 1484 aut
667 1444 736 1483 vix
766 1442 1003 1497 angustius,
1031 1442 1172 1482 ocellis
1201 1443 1334 1481 tribus
1356 1443 1622 1495 approxima*

323 1519 399 1568 tis,
429 1518 473 1556 in
502 1512 760 1567 triangulum
782 1512 913 1550 latum
945 1511 1078 1548 autin
1104 1511 1258 1548 lineam
1283 1519 1555 1549 transversam
1582 1521 1622 1551 et

323 1587 462 1628 medio
491 1594 724 1623 antrorsum
750 1577 1062 1631 uniangulatam
1092 1577 1492 1633 dispositis301ypeo
1523 1579 1624 1634 (na-

324 1674 393 1698 sus
406 1689 417 1707 ,
434 1653 590 1707 Kirby)
612 1652 720 1690 linea
740 1650 935 1702 impressa
957 1648 1110 1702 postice
1130 1662 1212 1686 non
1231 1647 1445 1696 distincto,
1476 1647 1622 1688 latiore

325 1741 451 1782 quam
491 1723 706 1777 longiore,
745 1719 931 1774 margine
973 1719 1108 1758 antico
1141 1719 1329 1758 subrecta
1362 1728 1622 1771 transverso;

325 1794 431 1851 gulae
454 1792 597 1832 orbitae
614 1789 812 1829 lateribus
829 1801 935 1841 pone
950 1786 1213 1826 mandibulas
1231 1786 1419 1837 elevatis,
1440 1787 1623 1827 breviter

327 1860 590 1903 unicornutis
624 1867 693 1897 aut
738 1856 1003 1895 uuidentatis.
1047 1857 1206 1895 Thorax
1245 1865 1453 1909 segmento
1481 1857 1620 1910 primo

329 1934 462 1973 antice
493 1939 600 1970 recta
640 1938 866 1969 transverse
906 1935 1124 1977 truncat03
1167 1936 1375 1980 segmento
1407 1927 1542 1967 medio
1577 1927 1623 1967 in

387 2119 441 2166 (1)
481 2120 812 2152 Instrumentorum
849 2118 1070 2150 cibariorum
1108 2118 1178 2150 haec
1218 2117 1410 2160 peculiaris
1436 2115 1622 2160 dispositio

337 2182 484 2215 Uroceri
508 2192 619 2225 genus
649 2181 692 2213 ab
716 2182 884 2214 omnibus
910 2180 1187 2225 Hymenopleris
1209 2186 1391 2223 segregat3
1424 2191 1442 2211 a
1473 2179 1621 2212 domino

331 2246 449 2289 Klug,
480 2246 704 2278 observatore
731 2245 893 2288 alioquin
922 2244 1209 2285 accuratissimo,
1239 2255 1310 2275 non
1344 2243 1427 2276 satis
1452 2254 1624 2288 perpensa

335 2316 397 2341 aut
429 2320 503 2340 non
539 2309 756 2341 sufficienter
788 2309 973 2353 explicata.
1006 2308 1157 2340 Generis
1190 2307 1298 2350 hujus
1332 2307 1528 2339 divisiones
1565 2313 1629 2340 aut

334 2371 482 2405 familiae
503 2372 546 2402 ab
570 2371 632 2402 illo
652 2372 838 2415 proposilae
857 2384 875 2403 a
896 2372 1046 2404 xeriiale
1069 2371 1175 2414 paulo
1191 2370 1356 2402 aberrare
1372 2369 1464 2402 mihi
1493 2369 1627 2401 viden-

340 2443 398 2469 tur
413 2451 422 2478 3
452 2434 547 2477 palpi
566 2435 771 2466 maxillares
789 2435 889 2468 enim
909 2434 1132 2468 biariiculati
1148 2440 1183 2467 et
1198 2433 1345 2467 labiales
1371 2432 1601 2465 [riartieulati
1617 2457 1628 2474 ,

335 2503 376 2538 ,in
401 2498 583 2543 speciebus
608 2500 790 2532 omnibus.

1405 2576 1623 2618 scutellum
