1715 2968
375 278 448 333 54
668 281 920 335 Insecta.
949 275 1338 333 Pterodicera.

437 435 755 475 FAMILIA
811 431 1236 472 TRIGESIMA
1283 432 1594 486 QUARTA.

508 555 962 587 cERAMBchw.
1021 554 1513 587 CERAMBYOINS.

413 671 736 703 Ossmwwmosm.
765 672 950 703 Antennoe
990 668 1169 712 plerisque
1201 674 1368 710 setaceae,
1400 668 1438 701 in
1470 668 1660 701 nonnullis

367 732 579 773 filifmmes,
614 742 695 764 raro
730 737 871 763 serralae
907 737 970 763 aut
994 731 1166 775 spinosae,
1201 732 1327 775 saepius
1351 732 1476 764 saltem
1502 731 1660 775 corporis

366 796 618 839 longitudine,
641 796 831 828 oculorum
851 795 1026 827 canthum
1052 795 1240 827 internum
1269 806 1392 827 versus
1418 794 1557 828 insertae
1574 795 1586 840 (
1601 806 1660 827 ca-

363 860 448 903 pitis
468 866 567 903 parte
591 859 652 891 cui
679 859 894 892 inseruntur
923 859 1088 903 elevata)
1106 873 1114 901 3
1133 858 1298 892 articulis
1326 857 1518 899 undecim,
1541 859 1578 890 in
1597 870 1658 891 sa·-

355 923 481 968 perdis
492 922 680 966 perpaucis
696 922 888 954 duodecim
902 936 911 964 3
925 922 1073 954 basilari
1085 922 1255 954 crassiore
1268 947 1277 963 ‚
1292 921 1464 953 obconico
1479 935 1487 963 3
1503 921 1659 954 secundo

360 987 516 1020 minimo
534 1001 542 1028 3
561 985 797 1029 sequenlibus
816 985 1033 1028 cylindricis
1048 991 1110 1018 aut
1124 985 1543 1028 obconico-cylindricis,
1561 985 1659 1028 apice

365 1061 494 1094 supero
525 1049 741 1091 rotundam,
771 1049 975 1082 incrassato.
1012 1050 1171 1082 Labrum
1203 1049 1429 1090 coriaceum,
1449 1054 1658 1089 exsertum,

365 1114 803 1157 iransverso-quadratum
820 1140 829 1157 ,
848 1114 944 1146 linea
959 1113 1149 1157 impressa,
1175 1120 1392 1151 transversa,
1413 1113 1567 1157 postica,
1589 1124 1654 1145 ve—

358 1176 431 1209 luti
460 1176 674 1219 bipartitum
694 1200 703 1216 ,
731 1176 915 1219 integrum
942 1182 1004 1208 aut
1029 1176 1294 1220 emarginatum
1312 1201 1320 1217 ‚
1347 1175 1510 1218 margine
1535 1175 1656 1207 antico

357 1241 483 1284 saepius
521 1240 649 1272 villoso
678 1246 740 1273 aut
773 1240 913 1272 hirsuto
931 1265 940 1281 ‚
967 1241 1010 1272 ad
1038 1241 1151 1273 latera
1183 1240 1388 1273 rotundato.
1417 1239 1653 1273 Mandibuloe

357 1315 516 1345 corneae,
536 1303 662 1335 breves
676 1327 685 1344 ,
706 1302 1050 1346 triquetro-trigonae
1067 1328 1075 1344 ‚
1101 1303 1269 1346 depressae
1285 1329 1293 1344 ‚
1315 1303 1533 1342 latiusculae,
1551 1303 1650 1347 apice

357 1371 477 1408 acuto,
497 1363 763 1406 subuncinato3
783 1364 894 1396 latere
911 1363 1055 1396 interno
1081 1364 1247 1408 plurium
1276 1374 1285 1402 (
1303 1363 1525 1408 cerambycss
1542 1363 1555 1410 )
1584 1364 1651 1398 sub

357 1430 459 1474 apice
487 1428 701 1461 unidentato
727 1453 736 1470 ‚
777 1428 851 1472 ipso
884 1428 982 1472 apice
1018 1428 1138 1461 bifido.
1178 1428 1294 1472 Palpi
1317 1434 1473 1471 quatuor
1503 1428 1653 1471 breves,

359 1490 614 1526 subfiliformes
639 1495 701 1521 aut
727 1496 931 1522 extrorsum
957 1490 1145 1522 crassiores
1162 1504 1170 1532 3
1188 1490 1341 1522 articulo
1363 1490 1496 1522 ultimo
1524 1491 1651 1534 saepius

362 1557 516 1597 majore3
538 1554 614 1587 illis
627 1554 941 1597 cylindrico-ovali
959 1560 1022 1586 aut
1038 1561 1141 1586 ovato
1153 1579 1163 1596 ,
1182 1554 1225 1586 ad
1240 1555 1377 1598 apicem
1394 1561 1560 1588 truncato
1573 1570 1581 1598 3
1596 1556 1652 1588 his
1703 1576 1706 1578 -

357 1619 529 1652 crassiore
545 1643 553 1659 ‚
579 1617 750 1650 obconico
776 1617 835 1648 vel
861 1616 1053 1658 subovato,
1074 1623 1275 1649 transverse
1297 1623 1462 1650 truncato
1483 1625 1547 1651 aut
1570 1619 1651 1651 sub—

357 1684 547 1726 obirigono
563 1697 571 1723 3
587 1681 791 1716 maxillares
813 1680 938 1723 saepius
953 1681 1059 1723 paulo
1080 1681 1257 1725 longiores
1271 1706 1279 1723 ‚
1294 1682 1459 1714 articulis
1471 1688 1651 1726 quatuor3

355 1747 503 1781 labiales
521 1745 635 1778 tribus
655 1769 664 1786 ,
689 1743 874 1776 terminali
893 1743 1019 1776 eodem
1044 1744 1323 1787 praecedentium
1348 1746 1387 1777 in
1413 1746 1540 1779 multis
1554 1758 1646 1790 pau-

352 1812 465 1856 lisper
490 1809 671 1842 crassiore.
697 1807 870 1841 Maxillae
898 1807 1120 1851 processibus
1154 1808 1294 1841 duobus
1325 1810 1484 1842 coriaceo
1501 1831 1519 1836 -
1535 1822 1648 1843 mem-

355 1874 540 1908 branaceis
568 1887 578 1915 3
616 1878 765 1905 externo
795 1872 955 1915 majore,
989 1871 1178 1916 obtrigono
1203 1873 1262 1905 vel
1288 1873 1515 1916 subl-imari3
1546 1875 1645 1918 apice

359 1940 499 1972 hirsuto
518 1963 527 1979 ,
546 1937 673 1969 latiore
690 1961 698 1975 ‚
726 1936 764 1968 in
791 1935 981 1968 nonnullis
997 1936 1233 1979 subarcuat03
1254 1937 1397 1970 interno
1421 1938 1645 1982 dentiformi,

357 2004 456 2047 apice
473 2008 577 2034 acuto
593 2026 601 2043 ‚
625 2001 787 2044 margine
805 2001 951 2033 interno
964 2001 1089 2045 saepius
1103 2002 1231 2035 villoso
1245 2008 1307 2035 aut
1323 2002 1474 2036 hirsuto.
1490 2002 1644 2038 Labium

352 2067 844 2100 coriaceo-membranaceum
872 2072 934 2098 aut
955 2066 1337 2099 submembranaceum
1354 2092 1362 2108 ‚
1391 2066 1492 2099 basin
1520 2080 1643 2101 versus

352 2138 546 2176 angustum
557 2155 566 2172 ,
580 2129 709 2162 deinde
724 2130 917 2162 dilatatum
933 2154 942 2171 ,
962 2130 1217 2162 subcordatum
1233 2154 1242 2169 ‚
1267 2130 1343 2162 illis
1361 2132 1638 2175 emarginatum,

351 2198 408 2230 lzis
438 2196 616 2229 bilobum.
661 2196 822 2227 Mentum
857 2200 1081 2226 crustaceum
1120 2201 1183 2226 aut
1230 2195 1433 2228 coriaceum
1453 2221 1462 2239 ,
1499 2197 1608 2229 breve
1628 2222 1638 2240 ,

351 2261 509 2305 stipitale
526 2285 537 2298 ,
570 2257 995 2291 transverso-sublimare
1021 2272 1030 2299 3
1055 2258 1216 2301 margine
1248 2270 1376 2302 supero
1411 2260 1638 2303 angustiore,

353 2335 416 2368 pro
429 2322 517 2354 labii
530 2321 726 2353 insertione
741 2320 810 2351 late
824 2320 1043 2363 emarginato
1059 2334 1068 2362 3
1087 2321 1259 2354 lateribus
1275 2322 1487 2378 rotunxdatis.
1506 2325 1638 2368 Corpus

349 2387 555 2429 elongatum
573 2409 581 2425 ,
608 2383 796 2427 saepissime
811 2382 854 2415 ad
873 2382 1025 2416 formam
1046 2384 1284 2427 cylindricam
1306 2385 1474 2422 accedens
1487 2411 1497 2428 ‚
1517 2386 1634 2419 antico

350 2448 537 2493 angustius
552 2472 561 2489 ,
585 2446 688 2479 dorso
721 2447 961 2490 planiusculo.
999 2449 1116 2493 Caput
1153 2455 1337 2482 exsertum
1357 2475 1365 2491 ‚
1400 2455 1532 2482 nutans
1571 2455 1632 2482 aut

346 2512 568 2546 verticaliter
601 2511 775 2543 inflexum
791 2537 799 2553 ,
826 2511 963 2544 thoraci
990 2508 1113 2556 saepius
1132 2514 1176 2546 ad
1201 2514 1321 2546 oculos
1348 2526 1460 2558 usque
1476 2515 1549 2548 fere
1566 2515 1627 2547 in-

342 2577 578 2612 trudendum.
607 2576 750 2610 Thorax
774 2577 973 2619 elytrorum
995 2577 1070 2610 basi
1091 2579 1275 2622 angustior
1292 2603 1302 2621 ,
1330 2579 1402 2612 illis
1433 2579 1542 2623 triplo
1565 2583 1626 2611 aut

1693 2407 1700 2420 t
