1715 2968
346 213 367 248 1
385 212 449 248 10
618 193 868 248 Insecta.
904 187 1295 246 Pteroclicera.

342 318 405 356 II.
434 316 739 357 Antennoe.sab
766 315 893 354 oculis
918 315 1085 350 insertae
1103 321 1141 350 et
1166 311 1441 358 absconditae,
1475 314 1547 351 vix
1564 327 1633 351 ca—

386 390 492 440 pitis
517 388 577 426 ad
601 399 801 425 summum
828 382 1086 435 longitndine
1115 382 1328 433 (articulis
1357 388 1533 436 quatuor
1562 390 1638 420 aut

394 458 522 496 tribus
540 487 551 506 ‚
589 454 791 494 tuberculo
822 454 1051 492 insertionis
1090 453 1327 493 radiculave
1356 467 1437 491 non
1470 466 1637 504 compu-

395 525 521 578 tato).

389 639 627 677 FAMILIA
651 640 865 678 TERTIA.
899 641 1256 678 HYDROGORISAE.
1282 633 1462 675 Panaises
1477 640 1590 674 d'eaa.

587 761 919 802 SECTIO
973 761 1407 801 SECUNDA.

395 867 594 905 Rostrum
624 878 646 904 e
672 864 818 918 capitis
856 872 971 916 parte
1011 863 1147 903 antica
1177 872 1218 902 et
1260 862 1393 902 infera
1430 875 1644 910 enascens,

342 937 494 992 pedum
522 936 758 975 anticorum
778 935 984 989 originem
1006 949 1147 976 versus
1175 935 1386 984 exoriens,
1418 933 1534 988 quasi
1552 946 1646 987 pec-

345 1004 486 1046 torale.

389 1096 716 1128 OBSERVATIONES.
744 1093 878 1138 Elytra
905 1093 1052 1138 penitus
1073 1092 1234 1126 coriacea
1259 1098 1322 1124 aut
1346 1091 1645 1133 membranacea,

346 1159 387 1191 in
415 1158 544 1192 multis
564 1158 710 1191 inflexa.
738 1158 913 1190 Thoracis
937 1157 1085 1190 dorsum
1104 1157 1321 1200 plerumque
1340 1154 1533 1199 segmentis
1552 1153 1648 1186 duo-

345 1221 413 1254 bus
441 1221 636 1254 distinclis.
667 1222 781 1254 Pedes
806 1221 847 1253 in
866 1221 1038 1263 plurimis
1052 1221 1241 1253 saltatorii.
1266 1221 1463 1254 Oviductas
1479 1217 1644 1262 plurium

345 1296 364 1317 e
393 1284 531 1316 lamina
565 1289 718 1324 serrata,
751 1283 908 1315 valvulis
941 1282 1082 1315 duabus
1104 1283 1292 1327 vaginam,
1317 1284 1505 1316 formatus.
1533 1281 1651 1314 Ocellc'
1702 1271 1712 1315 .-

346 1353 417 1379 tres
439 1346 805 1392 metamorplzosesque
824 1345 863 1377 in
886 1345 1089 1378 nonnullis.
1708 1325 1711 1340 ὶ

398 1457 515 1497 Tarsi
543 1456 729 1496 articulis
754 1457 901 1496 tribus.
923 1458 1085 1496 Anten-

348 1542 409 1568 nae
438 1527 655 1580 saepissime
676 1527 955 1575 brevissimae,
986 1526 1086 1564 arti-

1176 1574 1378 1607 FAMILIA
1414 1572 1624 1614 QUARTA.

349 1596 455 1637 culis
478 1597 613 1635 tribus
643 1605 710 1634 aut
736 1596 950 1649 quinque3
980 1592 1087 1632 ulti-

1238 1638 1266 1670 C
1280 1648 1291 1670 1
1308 1648 1327 1670 c
1342 1649 1369 1672 A
1383 1647 1406 1670 D
1421 1649 1444 1670 A
1458 1648 1481 1670 R
1493 1648 1505 1670 1
1523 1649 1562 1670 Ε.

350 1685 419 1710 mo
438 1669 483 1707 in
503 1677 628 1707 setam
645 1666 870 1705 desinente.
888 1665 1088 1703 Rostrum

349 1736 607 1778 horizontale
632 1737 704 1790 (1).
731 1736 1088 1787 Metamorphoses
1295 1701 1514 1735 Czcadazres.

350 1809 489 1847 nzclloe.

405 1927 520 1967 Tarsi
535 1926 722 1967 articulis
736 1926 900 1966 duobus
914 1925 1091 1965 distinc-

352 1999 427 2048 tis;
457 1998 607 2038 ultimo
642 1995 969 2051 hiunguiculato.
1000 1997 1091 2035 An·-

355 2078 486 2107 tennae
514 2067 702 2107 articulis
730 2067 870 2106 decem
910 2075 979 2106 aut
1007 2081 1089 2104 un-
1194 2062 1394 2099 FAMILIA
1419 2060 1618 2101 QUINTA·

357 2138 513 2188 decim3
545 2137 693 2191 apicali
737 2138 927 2178 bisetoso.
965 2136 1090 2176 Pedes
1265 2128 1546 2160 Psx‘manAE.

358 2207 571 2247 saltatorii.
588 2208 1090 2247 Fronshicornuto-emar-
1310 2189 1501 2234 P3JHM33'

358 2278 508 2330 ginata.
531 2280 719 2316 Ala-sculi
737 2279 954 2330 etseminoe
970 2278 1085 2314 alati.

357 2349 714 2400 Metamorphoses
736 2348 878 2386 nallae.

404 2507 454 2552 (1)
481 2507 524 2539 In
550 2506 699 2540 familiis
719 2507 954 2550 sequentibus
974 2512 1109 2538 nutans
1130 2510 1191 2538 aut
1208 2501 1582 2548 subperpendiculare.
