1715 2968
337 204 443 259 256
616 202 866 257 Insecta.
909 201 1300 257 Pterodicera.

330 311 470 354 joribus
499 311 770 354 depromendae3
808 317 944 343 naturae
975 309 1111 341 etenim
1146 310 1256 353 magis
1288 321 1398 353 quam
1431 310 1624 345 hominum

332 375 534 407 theoreticae
550 381 586 407 et
601 359 854 418 si'stematibus
880 373 1116 406 credendum.
1141 373 1416 407 Observandum
1444 381 1494 407 est
1517 376 1626 408 etiam

331 440 371 471 in
412 451 584 483 generum
621 439 870 471 characterum
910 437 1132 480 expositione
1175 438 1304 470 seriem
1334 439 1626 471 mathematicam

329 505 476 537 admitti
499 515 573 536 non
599 514 718 546 posse,
745 502 852 534 modo
876 507 1058 543 antennae,
1086 501 1192 533 modo
1212 501 1453 534 instrumenta
1473 503 1632 543 cibaria,

330 568 548 612 quandoque
574 578 660 598 vero
684 576 900 609 organorum
931 572 1052 598 motus
1082 565 1164 597 talis
1199 571 1261 597 aut
1297 566 1378 598 talis
1408 566 1629 599 modificatio

329 633 520 675 praevalere
549 630 736 662 videntur.

376 695 425 729 2⁰.
453 697 699 727 Instrumenta
723 694 883 736 cibaria,
906 694 993 726 licet
1020 696 1170 739 exigua,
1203 696 1290 727 licet
1319 695 1506 727 observatu
1529 694 1628 727 diffi-

330 760 437 800 cilia,
465 759 551 791 licet
577 759 755 802 litigiosa,
781 757 1003 790 characteres
1027 764 1148 790 tamen
1178 759 1371 802 primarios
1400 764 1435 791 et
1470 758 1630 791 absolute

330 821 571 865 requirendos
595 820 783 852 exhibent.

375 885 424 918 5⁰.
454 886 494 918 In
522 896 649 929 genere
677 885 835 917 maxime
866 885 1025 917 naturali
1051 895 1182 928 organa
1209 886 1387 929 praecipua
1417 895 1572 917 numero
1596 890 1632 916 et

330 948 448 981 forma
478 949 602 981 eadem
633 960 704 981 esse
731 949 891 991 debent,
921 961 995 982 non
1026 949 1231 982 associanda
1266 950 1379 993 igitur
1398 961 1476 992 quae
1494 949 1534 981 in
1552 960 1633 992 par-

331 1013 429 1045 tibus
456 1013 647 1045 nonnullis
669 1013 785 1057 reipsa
811 1014 1058 1054 conveniunt,
1085 1013 1142 1045 sed
1163 1025 1241 1056 quae
1257 1013 1295 1045 in
1311 1013 1469 1051 caeteris,
1499 1012 1569 1045 alia
1588 1013 1632 1044 ab

331 1076 414 1109 aliis
434 1077 650 1120 discrepant.
677 1077 900 1110 Insectorum
920 1088 1048 1120 genera
1068 1077 1206 1108 alarum
1234 1083 1269 1109 et
1291 1083 1533 1109 antennarum
1549 1076 1634 1108 liar·

327 1141 451 1174 monia
477 1141 627 1175 fundata
654 1141 786 1173 exinde
809 1142 1059 1185 repelluntur,
1086 1142 1115 1173 si
1138 1141 1354 1173 nutritionis
1383 1142 1629 1172 instrumenta

330 1206 470 1238 diverse
496 1206 769 1239 constituantur
796 1212 859 1237 aut
877 1206 1003 1238 saltem
1027 1206 1066 1238 in
1092 1205 1263 1238 methodo
1286 1205 1467 1237 artificiali
1490 1210 1631 1236 tantum

325 1269 563 1300 admittenda.
589 1269 731 1300 Harum
753 1269 912 1310 partium
944 1268 1057 1298 officia
1082 1276 1168 1299 sunt
1193 1268 1341 1311 majoris
1369 1279 1512 1311 prorsus
1548 1278 1628 1300 mo·-

328 1331 446 1363 menti
475 1341 585 1373 quam
610 1330 750 1360 alarum
780 1329 930 1361 cellulae.

376 1404 424 1437 4⁰.
453 1403 592 1447 Speciei
621 1414 698 1435 mas
715 1407 750 1433 et
765 1400 911 1447 femina
928 1401 1095 1444 quamvis
1115 1413 1332 1445 organorum
1361 1404 1627 1437 nonnullorum

327 1468 460 1508 forma,
490 1467 671 1499 coloribus
690 1491 698 1507 ,
726 1466 816 1497 alter
845 1466 888 1497 ab
926 1466 1038 1497 altero
1074 1465 1258 1508 distincti,
1297 1467 1432 1498 animal
1459 1467 1552 1499 idem
1590 1468 1628 1500 in

327 1531 455 1563 ordine
481 1529 640 1561 naturali
668 1527 824 1559 habendi
848 1533 944 1558 sunt.
974 1527 1031 1558 Ad
1067 1538 1241 1569 generum
1270 1528 1542 1571 specierumque
1568 1530 1632 1562 de-

327 1594 567 1637 signationem
590 1592 811 1623 characteres
833 1590 936 1621 sexui
962 1590 1072 1621 unico
1098 1591 1261 1634 proprios
1286 1598 1349 1624 aut
1368 1603 1577 1625 communes
1594 1600 1631 1627 at

324 1658 441 1690 forma
478 1657 637 1688 diversos
675 1654 845 1686 adhibere
874 1654 1155 1697 compellimur,
1187 1661 1222 1686 et
1247 1655 1314 1687 hoc
1341 1655 1433 1689 vitio
1463 1657 1628 1690 laborant

327 1720 489 1753 methodi
520 1730 658 1751 omnes.

376 1784 424 1817 5⁰.
451 1783 550 1816 Ordo
584 1781 762 1814 naturalis
798 1792 939 1813 summa
973 1781 1165 1825 diligentia
1193 1783 1454 1826 explorandus3
1491 1785 1629 1828 Hyme-

328 1856 478 1894 noptera
504 1849 543 1880 in
564 1848 788 1880 terebrantia
811 1853 846 1879 et
876 1847 1047 1880 aculeata
1074 1848 1220 1881 dividit.
1236 1848 1387 1881 Domini
1404 1850 1532 1883 Jurine
1548 1862 1628 1883 me-

327 1914 457 1947 thodus
481 1913 587 1945 seriei
614 1911 773 1944 naturali
792 1912 830 1943 in
856 1911 1043 1954 perpaucis
1060 1911 1286 1953 adversatur,
1315 1923 1400 1944 cum
1429 1914 1626 1957 Cynipsera

329 1978 373 2010 ab
404 1975 743 2013 Icheumonidibus,
771 1974 937 2007 Matilloe
961 1981 997 2006 et
1021 1976 1199 2008 Formicoe
1227 1986 1246 2006 a
1273 1975 1414 2020 Tiphiis
1430 1976 1534 2020 longe
1555 1977 1627 2009 dis-

328 2046 408 2073 tant
434 2045 469 2071 et
497 2037 667 2083 Apiariis
691 2037 919 2069 succedentia
935 2061 944 2078 ,
962 2037 1319 2080 Hymenopterorum
1342 2037 1509 2070 ordinem
1528 2038 1627 2070 clau-

331 2104 430 2136 dant.

378 2167 430 2199 60.
457 2167 644 2199 Generum
662 2165 882 2198 characteres
897 2192 905 2207 ,
922 2163 985 2197 alii
1001 2176 1086 2197 cum
1103 2165 1184 2197 aliis
1196 2190 1204 2206 ‚
1226 2165 1457 2208 comparandi
1472 2192 1480 2206 ,
1499 2167 1627 2199 sectio-

329 2242 391 2262 nes
414 2230 714 2273 multiplicandae,
738 2235 779 2261 ut
809 2230 946 2273 generis
970 2228 1201 2271 investigatio
1226 2227 1367 2260 facilior
1391 2228 1529 2261 evadat.

377 2325 486 2358 Nunc
510 2325 651 2357 domini
672 2324 800 2356 Jurine
823 2323 1113 2367 *terniinologiam
1135 2334 1220 2354 cum
1247 2328 1369 2355 nostra
1385 2321 1623 2356 conferamus.

379 2389 781 2433 stigma—punctum,
806 2401 953 2434 carpus,
975 2391 1148 2421 szws.

378 2455 455 2487 Alae
478 2465 613 2497 superae
639 2465 760 2498 margo
790 2455 947 2488 exteiior
972 2455 1047 2487 sive
1067 2460 1161 2486 costa
1188 2464 1206 2486 a
1238 2453 1314 2486 basi
1342 2453 1384 2487 ad
1406 2454 1535 2498 stigma
1560 2459 1623 2486 aut

333 2526 512 2564 punctum
531 2539 576 2547 -
592 2521 733 2559 radius,
761 2521 791 2552 J.

1522 2590 1621 2623 Basis

1697 599 1715 816 Ξ

1702 819 1715 835 ,1

1696 839 1715 901 ἐξ

1700 904 1715 1127 ’ἔ

1414 2376 1715 2968 l
