1715 2968
391 224 462 280 58
684 229 934 284 Insecta.
963 227 1352 283 Pterodicera.

390 339 624 385 aperturam
630 364 650 389 3
676 334 855 383 insertae,
891 332 1156 387 (earumdem
1184 334 1272 373 basi
1302 332 1437 373 antica
1475 332 1523 372 ab
1547 330 1679 371 oculis

389 412 527 444 tamen
553 419 637 445 non
666 406 837 456 cincta).
864 406 997 457 Palpi
1013 418 1156 444 omnes
1172 413 1403 444 extrorsum
1429 403 1677 443 suber-assio-

389 486 476 521 res,
505 474 680 514 articulo
707 473 857 513 ultimo
876 474 1102 522 obconico,
1126 489 1359 528 compresso
1377 482 1446 513 aut
1463 472 1679 513 subobtri-

384 558 514 597 gono,
546 559 567 583 a
598 545 683 582 basi
710 542 761 582 ad
789 542 947 597 apicem
971 543 1138 593 latiore,
1167 544 1280 598 apice
1305 552 1515 593 truncat0;
1533 541 1674 582 eodem

383 611 602 652 labialium
633 612 776 664 saepius
818 614 1024 654 crassiore.
1063 615 1243 653 Labium
1273 614 1422 662 breve,
1454 612 1536 652 late
1579 626 1676 665 pro-

383 681 591 736 fundeque
607 683 908 736 emarginatum
922 714 932 732 ,
959 683 1066 724 lobis
1091 684 1339 738 marginisve
1357 683 1495 737 superi
1514 681 1678 736 angulis

383 749 625 790 lateralibus
652 751 902 793 divaricatis.
932 756 1125 793 Mentam
1155 768 1328 808 superne
1353 752 1588 808 angustius,
1617 751 1678 791 ia-

380 821 539 861 teribus
566 837 587 860 a
612 821 699 862 basi
729 823 779 863 ad
806 824 964 877 apicem
994 822 1596 877 rotundato-convergentibus.

436 893 577 944 Caput
602 901 780 943 nutans,
813 893 990 933 thoracis
1026 895 1212 948 margine
1241 893 1378 933 antico
1411 891 1565 945 postice
1591 905 1676 930 non

380 960 538 1010 latius3
580 961 712 1002 oculis
743 962 861 1003 valde
894 963 1058 1002 lunatis.
1101 965 1262 1002 Thorax
1289 960 1577 1001 teretiusculus
1608 957 1674 999 vel

382 1031 684 1086 suhquadratus
709 1043 789 1073 aut
828 1033 1164 1074 suborbiculatus
1203 1042 1244 1073 et
1283 1033 1417 1072 antice
1439 1031 1673 1085 posticeque

380 1108 615 1151 truncatus,
643 1101 841 1143 lateribus
870 1103 1119 1151 rotundatis,
1151 1101 1201 1142 ad
1232 1102 1417 1142 medium
1443 1100 1674 1140 latioribus.

380 1171 530 1224 Elytra
556 1171 763 1213 abdomen
789 1173 954 1228 alasque
982 1173 1146 1228 penitus
1175 1172 1364 1227 tegentia.

426 1282 680 1315 Onsnnmrio.
702 1284 801 1329 Clyti
816 1311 827 1325 ,
854 1284 1009 1318 callidia
1029 1285 1187 1318 Fabricii
1217 1286 1405 1328 palporum
1432 1284 1586 1317 articulo
1611 1284 1673 1315 ul-

379 1345 470 1377 timo
486 1346 691 1379 subclavato
714 1354 749 1379 et
775 1348 1034 1391 subobtrigono
1051 1374 1060 1389 ,
1081 1349 1319 1380 maxillarum
1338 1359 1500 1391 processu
1525 1353 1675 1379 externo

378 1408 569 1450 breviore,
599 1421 619 1442 a
646 1410 910 1455 cerambycibus
930 1411 1046 1455 prima
1077 1411 1174 1444 fonte
1207 1411 1377 1443 distincta
1411 1410 1610 1450 videntur3
1638 1416 1671 1441 at

378 1473 535 1506 nexibus
574 1474 750 1517 gradatim
795 1475 972 1507 ordinatis
1011 1474 1180 1507 delentur
1217 1474 1257 1506 hi
1297 1474 1530 1506 characteres.
1572 1471 1671 1505 Idem

378 1534 575 1578 dicendum
595 1535 638 1568 de
662 1535 817 1568 thoracis
834 1535 958 1569 forma.
980 1536 1183 1580 Clytorum,
1199 1535 1427 1568 callidiorum
1448 1543 1577 1577 genera
1591 1545 1672 1578 ergo

377 1599 601 1631 secundaria.

377 1694 404 1731 I
407 1722 414 1730 .
445 1694 578 1742 Palpi
606 1707 739 1730 omnes
763 1692 932 1730 articulo
954 1691 1096 1729 ultimo
1126 1691 1516 1743 elongato—obconico
1528 1704 1546 1737 ;
1579 1704 1672 1728 ma-

430 1763 594 1800 xillares
615 1761 839 1799 labialibus
863 1763 1060 1801 breviores
1075 1791 1086 1805 ,
1112 1762 1374 1799 maxillarum
1389 1762 1544 1812 apicem
1563 1761 1673 1799 ultra

427 1847 508 1869 non
526 1833 748 1883 progressi,
774 1831 957 1869 articulis
983 1832 1157 1870 secundo
1182 1839 1220 1868 et
1245 1832 1359 1869 tertio
1380 1830 1636 1868 brevissimis.

376 1917 567 1969 (Thorax
593 1920 874 1956 teretiusculus
888 1947 899 1962 ,
928 1919 1170 1969 inoequalis,
1188 1918 1376 1967 utrinque
1394 1914 1670 1966 unispinosas,
1708 1910 1710 1919 ¹

431 1990 568 2042 elylris
598 1990 721 2039 triplo
755 1989 939 2035 brevimq
967 2002 1110 2040 corpus
1142 1987 1400 2038 depressum,
1434 1983 1564 2022 viride
1597 1990 1670 2020 aut
1705 2004 1708 2034 ‚⁸

427 2059 555 2096 colore
590 2059 818 2104 metallico;
854 2066 1043 2095 antennae
1068 2058 1201 2108 longae
1213 2071 1231 2102 ;
1268 2053 1452 2092 maxillae
1476 2066 1668 2104 proce-ssa

427 2136 586 2165 externo
612 2128 672 2164 acl
699 2129 815 2165 basin
843 2127 1256 2175 attenuato-elongato
1271 2123 1297 2172 ).

422 2230 672 2275 Cerambyces,
702 2230 787 2262 Fab.
809 2243 815 2261 :
847 2229 1077 2266 mosi-harus,
1103 2229 1241 2266 virens,
1268 2225 1490 2264 alhitarsus,
1525 2224 1666 2263 nitens,
1702 2239 1703 2243 ¹

375 2296 529 2337 micans,
547 2301 645 2334 ater,
660 2294 840 2340 festivus,
862 2294 1037 2333 vittatus,
1061 2292 1261 2331 vellamus,
1281 2292 1451 2331 sericeas,
1469 2288 1662 2330 suturalis,
1701 2319 1703 2322 .

379 2357 512 2404 Ialipes
524 2383 534 2397 ,
564 2357 721 2403 alpina-5.

372 2465 435 2502 II.
466 2464 597 2514 Palpi
619 2477 752 2501 omnes
771 2463 941 2500 articulo
968 2461 1109 2499 ultimo
1133 2457 1549 2511 elongato-obconico;
1575 2469 1666 2493 ma-

425 2532 591 2569 xillares
615 2531 840 2569 labialihus
863 2529 992 2581 paulo
1015 2529 1214 2581 longiores
1231 2535 1305 2565 aut
1317 2527 1464 2564 saltem
1482 2538 1560 2563 non
1579 2523 1663 2562 bre·
1696 2538 1698 2540 ’
